2604 4160
498 385 636 435 saman
658 387 737 435 XIV.

107 553 173 613 Nil
187 561 314 633 cuperet
328 551 487 633 quamqui
500 561 604 613 toturn
618 551 676 613 sibi
689 560 831 631 posceret
845 552 959 628 orbem,

108 650 268 711 Passurus
281 650 377 729 gestis
391 650 552 729 aequanda
565 649 700 728 pericula
714 648 813 709 rebus.

109 745 248 806 Nullum
262 766 377 806 numen
393 747 479 806 abest
493 745 519 806 si
533 746 573 806 sit
588 745 776 805 Prudentia:
797 754 908 820 noste,
1076 759 1123 806 315

110 843 185 903 Nos
198 843 334 918 facimus,
349 843 496 917 Fortuna,
511 843 611 904 deam.
653 841 800 903 Mensura
813 850 918 903 tamen
933 862 1011 923 quac

113 939 256 1001 Sufficiat
270 959 378 1000 census
392 940 418 1000 si
433 940 502 1020 quis
515 959 565 1000 me
580 939 721 1004 consulat
735 938 844 999 edam:

112 1040 153 1096 In
168 1047 320 1116 qnantum
334 1037 401 1096 sitis
415 1046 507 1116 atque
522 1036 618 1096 fames
631 1044 663 1095 ct
677 1036 790 1114 frigora
804 1044 944 1115 poscunt,

113 1134 288 1207 Quantum,
303 1133 445 1212 Epicure,
460 1134 517 1194 tibi
530 1133 634 1214 parvis
648 1133 768 1194 suffecit
782 1132 815 1193 in
828 1133 935 1208 hortis,

113 1231 279 1304 Quantum
294 1228 442 1290 Socratici
456 1239 605 1310 ceperunt
619 1239 692 1292 ante
706 1241 843 1310 penates.
1077 1245 1124 1292 320

112 1328 287 1408 Nunquam
301 1326 384 1388 aliud
400 1326 522 1389 Natura
537 1327 621 1388 aliud
636 1328 796 1409 Sapientia
810 1328 894 1390 dicit.

113 1428 250 1488 Acribus
265 1429 414 1509 exemplis
428 1429 535 1490 videor
549 1439 581 1490 te
593 1429 752 1490 claudere:
775 1427 874 1488 misce'

114 1525 202 1606 Ergo
217 1525 332 1605 aliquid
347 1526 460 1587 nostris
474 1526 513 1588 de
528 1527 681 1601 moribus3
703 1526 787 1586 effice
802 1543 954 1586 summam

113 1624 170 1685 Bis
185 1635 304 1705 septem
319 1625 477 1686 ordinibus
491 1646 582 1706 quam
596 1626 646 1686 lex
661 1624 808 1704 dignatur
821 1621 962 1684 Othonis.

115 1721 205 1784 Haec
219 1742 340 1803 quoque
355 1723 381 1783 si
394 1743 502 1802 rugam
516 1723 613 1784 trahit
626 1722 830 1801 extenditque
844 1718 1000 1793 labellum,
1076 1731 1123 1779 325

116 1819 212 1880 Surne
227 1821 305 1881 duos
318 1819 456 1900 Equites,
470 1821 517 1882 fac
530 1821 623 1882 tertia
637 1819 870 1901 quadringenta.

116 1917 151 1979 Si
165 1919 305 1978 nondum
318 1919 444 1999 implevi
457 1920 618 2000 gremium,
632 1920 658 1980 si
671 1918 819 1999 panditur
832 1916 922 1989 ultra,

115 2015 187 2076 Nec
203 2015 309 2078 Oroesi
322 2016 447 2077 fortuna
461 2037 605 2098 unquam,
620 2036 677 2077 nec
691 2013 815 2074 Persica
828 2032 924 2094 regna

117 2113 279 2175 Sufficiant
293 2113 403 2188 anim0,
416 2134 475 2176 neo
489 2114 616 2174 divitiae
630 2113 777 2187 Narcissi,

116 2211 252 2271 Indulsit
267 2210 380 2272 Caesar
393 2211 443 2272 cui
458 2211 605 2274 Claudius
619 2211 731 2285 omnia,
747 2205 833 2290 cujus

117 2307 228 2370 Paruit
241 2306 376 2388 imperiis
389 2327 518 2369 uxorem
532 2308 671 2370 occidere
686 2309 799 2389 jussus.
