2604 4160
516 393 652 440 SATIRA
675 393 752 440 XVI.

119 561 226 634 Quum
242 561 304 621 duo
319 581 407 622 crura
420 561 543 634 habeas,
557 559 711 620 offendere
727 566 775 619 tot
789 556 911 640 caligas,
926 567 974 621 tot

117 658 220 718 Millia
235 658 399 718 clavorum.
442 657 519 730 Quis
533 666 599 718 tam
613 657 719 736 procul
734 656 814 716 absit
828 656 867 716 ab
882 655 969 717 Urbe

118 755 308 815 Praeterea?
330 755 397 832 quis
412 764 477 814 tam
492 752 628 833 Pylades
643 753 756 812 molem
772 752 891 832 aggeris
906 753 987 813 ultra

119 852 168 914 Ut
183 852 309 911 veniat?
351 849 510 910 Lacrimae
526 850 680 911 siccentur
693 849 842 929 protinus,
858 858 937 910 etse

118 949 328 1009 Excusaturos
343 967 405 1008 non
421 947 622 1008 sollicitemus
638 947 759 1020 amicos,

119 1045 196 1105 “Da
211 1044 349 1118 testem,”
360 1045 460 1124 judex
477 1044 709 1122 quumdixerit.
750 1045 878 1104 Audeat
892 1045 944 1104 ille

119 1144 235 1203 Nescio
250 1143 317 1221 quis
331 1160 452 1221 pugnos
469 1139 522 1219 qui
536 1139 616 1199 vidit
630 1140 740 1214 dicere,
755 1147 771 1176 ‘⁶
781 1140 883 1213 Vidi,''

118 1239 163 1299 Et
177 1240 300 1300 credam
316 1239 444 1317 dignum
461 1237 555 1297 barba
571 1237 761 1317 dignumque
777 1238 894 1317 capillis

119 1336 282 1416 Majorum.
325 1335 424 1395 Citius
438 1334 548 1394 falsum
564 1333 735 1414 producere
750 1343 862 1394 testem

120 1435 237 1494 Contra
250 1452 406 1512 paganum
420 1431 518 1510 possis
534 1451 626 1511 quarn
642 1451 715 1490 vera
729 1433 909 1511 loquentem

120 1530 237 1590 (lon-tra
250 1529 406 1588 fortunam
423 1528 533 1588 armati
550 1537 719 1608 contraque
733 1531 893 1608 pudorem.

159 1615 301 1684 Praemia
315 1645 397 1684 nunc
412 1625 471 1683 alia
485 1633 577 1704 atque
593 1624 652 1684 alia
667 1627 875 1685 emolumenta
889 1635 1033 1686 notemus

120 1722 397 1781 sacramentorum.
440 1721 621 1780 Convellem
635 1722 714 1782 ruris
729 1723 804 1782 aviti

119 1817 283 1896 Improbus
300 1826 353 1876 aut
368 1837 511 1896 campum
528 1817 601 1877 mihi
617 1818 641 1878 si
656 1819 774 1879 vicinus
790 1821 913 1894 ademit,

118 1914 161 1974 Et
177 1935 304 1976 sacrum,
313 1912 420 1973 effodit
434 1914 537 1972 medio
553 1915 593 1973 de
609 1915 708 1976 limite
723 1935 830 1976 saxum

119 2010 213 2081 Quod
228 2029 297 2070 mea
312 2030 381 2070 cum
396 2010 503 2088 patulo
519 2011 615 2070 coluit
630 2012 699 2090 puls
714 2031 814 2072 annua
828 2015 909 2088 ljb03

117 2106 250 2166 Debitor
265 2117 317 2166 aut
334 2116 472 2185 sumptos
487 2108 590 2186 pergit
605 2128 668 2168 non
683 2109 811 2168 reddere
827 2130 977 2185 nummos,

117 2202 210 2266 Vana
224 2203 405 2280 supervacui
421 2203 526 2262 dicens
541 2203 744 2283 chirographa
758 2206 853 2284 ligni3

117 2297 353 2378 Exspectandus
368 2299 426 2358 erit
443 2299 496 2377 qui
510 2299 581 2358 lites
595 2300 719 2361 inchoet
734 2321 832 2362 annus

116 2395 227 2454 Totius
242 2395 356 2474 populi.
400 2393 462 2454 Sed
478 2404 553 2454 tunc
569 2417 691 2476 quoque
706 2399 788 2458 mille
803 2399 930 2460 ferenda

116 2491 243 2563 Taedia,
257 2491 341 2550 mille
357 2511 479 2566 morae3
502 2493 595 2553 toties
610 2494 754 2553 subsellia
767 2504 891 2555 tantum

117 2587 322 2661 Sternuntur3
343 2596 419 2660 tum,
435 2588 569 2648 facundo
584 2599 718 2669 ponente
733 2592 869 2652 lacernas
928 2586 954 2672 '⁸

116 2684 263 2746 Caedicio
278 2693 309 2744 et
324 2683 424 2744 Fusco
436 2685 502 2763 jam
517 2686 721 2760 micturiente,
735 2690 834 2766 parati

116 2781 317 2860 Digredimur
331 2781 476 2862 lentaque
493 2781 552 2842 fori
566 2803 739 2863 pugnamus
753 2805 852 2845 arena.

115 2879 178 2937 Ast
192 2878 252 2937 illis
266 2897 340 2957 quos
355 2897 439 2938 arma
454 2887 565 2959 tegunt
580 2891 612 2940 et
626 2879 744 2940 balteus
759 2883 855 2941 ambit

117 2974 209 3046 Quod
224 2974 370 3054 placitum
386 2986 433 3036 est
448 2977 521 3056 ipsis
537 2985 710 3055 praestatur
724 2988 844 3056 ternpus
859 2979 980 3059 agendi,

116 3073 186 3131 Nec
199 3091 248 3130 res
263 3072 405 3131 atteritur
420 3074 514 3152 longo
530 3059 697 3134 sufflamine
712 3074 783 3135 litis.

159 3168 239 3229 Solis
254 3179 412 3249 praeterea
428 3170 563 3230 testandi
579 3171 727 3230 militibus
736 3172 788 3250 jus

115 3265 201 3324 Vivo
216 3275 304 3345 patre
320 3267 427 3326 datur:
448 3286 520 3326 narn
535 3269 612 3347 qnae
628 3277 698 3326 sunt
712 3277 801 3346 parta
814 3267 918 3326 labore

115 3362 249 3422 Militiae
265 3363 380 3442 placuit
394 3383 457 3422 non
472 3382 537 3422 esse
551 3363 583 3422 in
598 3383 724 3442 corpore
740 3383 856 3438 census,

115 3461 219 3521 Omne
234 3467 321 3519 tenet
336 3459 421 3538 cujus
434 3458 572 3537 regimen
586 3468 682 3537 pater.
725 3458 808 3538 Ergo
825 3461 979 3520 Coranum

118 3557 285 3645 Signorum
300 3553 445 3616 comitem
459 3562 685 3631 castrorumque
700 3574 770 3614 aera
784 3566 955 3616 merentem

606 3652 620 3702 7
