2604 4160
201 353 243 420 88
459 335 462 341 ’
520 369 907 419 n.uuu11auvuuar.1s

200 535 325 598 Grande
340 554 450 614 operae
465 535 599 616 pretium
613 545 661 596 est
674 545 710 597 nt
723 544 812 596 tenso
826 535 899 597 folle
912 534 1027 596 reverti

199 633 278 692 Inde
293 633 420 692 domum
434 633 541 712 possis,
554 633 734 713 tumidaque
748 633 897 712 superbus
912 633 996 693 aluta

199 729 316 790 Oceani
330 737 468 789 monstra
481 737 514 788 et
528 729 661 808 juvenes
676 729 788 788 vidisse
803 729 946 788 marinos.

199 826 273 888 Non
288 845 367 886 unrrs
381 834 500 886 mentes
515 826 614 904 agitat
628 825 720 886 furor.
762 825 819 884 Ille
834 825 946 886 sororis

199 925 236 982 In
251 922 391 983 manibus
405 922 495 982 vultu
509 920 718 995 Eumenidum
732 929 865 981 terretur
879 931 911 980 et
925 920 999 1001 igni,
1158 937 1207 983 285

199 1019 260 1080 Hic
274 1020 354 1080 bove
367 1038 511 1099 percusso
525 1017 645 1096 mugire
661 1017 898 1096 Agamemnona
912 1016 1010 1077 credit

198 1117 266 1178 Aut
281 1118 432 1177 Ithacum.
472 1114 586 1176 Pareat
600 1115 713 1174 tunicis
726 1115 800 1175 licet
815 1123 907 1193 atque
921 1114 1060 1189 lacernis
1169 1147 1175 1160 ι

199 1213 356 1274 Curatoris
371 1221 442 1292 eget
457 1211 508 1291 qui
522 1231 635 1272 navem
650 1210 802 1270 mercibus
816 1209 925 1289 implet

197 1309 250 1368 Ad
265 1328 418 1369 summum
432 1310 513 1369 latus
527 1317 559 1368 et
573 1308 681 1369 tabula
695 1306 897 1385 distinguitur
911 1307 1003 1381 unda,

198 1405 302 1476 Quum
316 1406 357 1465 sit
371 1424 462 1466 causa
475 1404 548 1465 mali
561 1405 643 1465 tanti
658 1412 689 1464 et
704 1403 888 1463 discriminis
901 1403 992 1482 hujus

198 1503 363 1564 Ooncisum
378 1511 540 1582 argentum
555 1501 586 1562 in
601 1501 709 1561 titulos
724 1499 878 1578 faciesque
893 1500 1036 1560 minutas.

197 1598 373 1660 Occurrunt
387 1599 483 1660 nubes
498 1607 530 1658 et
543 1599 682 1678 fulgura3
704 1595 852 1658 “Solvite
866 1594 997 1670 funem,”

134 1763 135 1768 η
197 1696 359 1757 Frumenti
373 1696 515 1756 dominus
530 1695 641 1756 clamat
655 1694 808 1774 piperisve
823 1692 976 1772 coempti3

198 1793 280 1852 “Nil
295 1794 378 1853 color
391 1792 441 1852 bic
455 1793 539 1866 caeli,
553 1793 597 1851 nil
610 1792 704 1852 fascia
719 1791 807 1871 nigra
820 1790 975 1865 minatur3

196 1889 362 1949 Aestivum
375 1887 490 1949 tonat.”
531 1889 644 1949 Infelix
658 1889 716 1948 hac
731 1889 858 1949 forsitan
873 1871 951 1968 ipsa'

196 1984 300 2045 Nocte
314 1986 405 2046 cadet
418 1985 522 2046 finctis
536 1985 681 2060 trabibus,
697 1986 854 2066 fluctuque
868 1992 1026 2064 premetur

197 2081 334 2142 Obrutus
348 2091 380 2141 et
394 2101 500 2142 zonam
515 2083 604 2143 laeva
617 2102 781 2162 morsuque
796 2082 924 2143 tenebit.

198 2177 260 2238 Sed
276 2179 362 2258 cujus
376 2179 457 2239 votis
471 2179 564 2238 modo
580 2198 641 2238 non
656 2179 818 2239 suffecerat
833 2198 942 2240 aurum

196 2275 289 2346 Quod
304 2278 408 2356 Tagus
422 2285 453 2336 et
467 2275 559 2350 rutila
573 2275 672 2336 volvit
687 2274 835 2336 Pactolus
849 2295 952 2354 arena,

196 2372 324 2452 Frigida
338 2372 487 2432 sufficient
501 2371 639 2431 velantes
653 2372 782 2452 inguina
796 2374 891 2452 panni

195 2468 395 2548 Exiguusque
410 2469 504 2542 cibus,
519 2487 619 2530 mersa
633 2478 699 2529 rate
714 2469 881 2550 naufragus
896 2490 994 2534 assem

194 2565 279 2624 Dum
294 2575 384 2646 rogat
399 2574 430 2626 et
444 2566 528 2645 picta
542 2585 574 2626 se
588 2575 774 2646 tempestate
788 2577 903 2630 tuetur.

235 2661 343 2722 Tantis
357 2672 446 2741 parta
459 2661 546 2722 malis
561 2682 634 2723 cura
647 2664 763 2744 majore
780 2674 926 2747 metuque

196 2758 372 2818 Servantur.
413 2757 528 2818 Misera
541 2768 588 2820 est
602 2762 707 2842 magni
723 2763 864 2824 custodia
878 2783 996 2825 census.

194 2854 360 2933 Dispositis
373 2856 534 2935 praedives
548 2858 647 2920 hamis
661 2859 789 2939 vigilare
804 2862 964 2922 cohortem

195 2951 360 3012 Servorum
374 2962 469 3012 noctu
483 2953 608 3015 Licinus
624 2956 725 3036 jubet,
741 2957 891 3018 attonitus
905 2977 961 3038 pro

193 3048 318 3108 Electra
332 3048 487 3130 signisque
502 3051 565 3112 suis
580 3051 779 3133 Phrygiaque
794 3055 937 3114 columna

192 3146 298 3226 Atque
313 3146 404 3208 ebore
420 3157 452 3208 et
466 3148 530 3208 lata
540 3149 707 3210 testudine.
748 3149 841 3210 Dolia
855 3151 931 3210 nudi

191 3241 265 3302 Non
280 3243 390 3304 ardent
406 3243 532 3324 Oynici:
554 3244 579 3304 si
593 3245 728 3324 fregeris,
743 3247 840 3306 altera
852 3247 907 3307 fiet

192 3339 267 3399 Cras
282 3339 401 3415 domus,
416 3349 470 3400 aut
484 3341 593 3402 eadem
606 3341 734 3419 plumbo
749 3343 910 3404 commissa
924 3342 1070 3404 manebit.

192 3435 295 3496 Sensit
311 3437 499 3510 Alexander,
514 3444 596 3497 testa
610 3456 706 3515 quum
719 3437 800 3498 vidit
813 3439 845 3498 in
859 3439 913 3500 illa

191 3530 342 3610 Magnum
356 3532 571 3606 habitatorem,
588 3542 704 3611 quanto
718 3534 834 3595 felicior
847 3536 898 3597 hic
913 3536 966 3616 qui
