2598 4170
175 359 196 426 4
480 375 516 422 1).
532 373 635 422 anun
656 371 862 421 Juvnnmrs

175 541 305 615 Gaudia,
319 540 482 613 discursus,
496 539 593 599 nostn‘
607 548 654 599 est
667 539 788 617 farrago
802 536 907 597 libelli.

175 638 217 699 Et
232 636 356 718 quando
372 637 493 696 uberior
507 636 654 696 vitiorum
668 635 778 714 copia?
801 634 925 714 quando

174 734 276 814 Major
290 732 436 793 avaritiae
451 732 553 812 patuit
566 732 673 812 sinus?
688 732 755 791 alea
769 731 894 810 quando

175 831 242 890 Hos
256 829 396 891 animos?
436 828 548 915 Neque
562 828 647 889 enirn
660 827 767 888 loculis
781 826 1001 888 comitantibus
1014 822 1079 888 itur

174 927 227 987 Ad
243 948 346 988 casum
361 927 493 1000 tabulae,
508 926 610 1004 posita
624 926 679 986 sed
693 925 812 985 luditur
826 943 903 985 arca
1151 937 1188 984 90

174 1024 297 1084 Proelia
311 1023 502 1103 quanta'illic
517 1022 729 1102 dispensatore
741 1020 880 1082 videbis·
979 1038 1010 1115 ,r

174 1121 356 1200 Armigero!
401 1121 577 1200 Simplexne
591 1118 676 1178 furor
690 1119 830 1178 sestertia
844 1127 969 1179 centum
987 1120 1011 1196 a,
1028 1148 1074 1188 «μ,
1083 1172 1091 1178 .

175 1217 309 1276 Perdere
324 1227 356 1277 et
369 1217 507 1277 horrenti
521 1214 658 1276 tunicam
673 1234 735 1274 non
749 1215 878 1278 reddere
893 1215 1008 1276 servo?

176 1313 253 1386 Quis
268 1314 399 1375 totidem
414 1314 511 1374 erexit
526 1313 623 1386 villas,
639 1311 706 1391 quis
720 1311 834 1372 fercula
848 1320 967 1390 septem

77 1395 156 1464 ‘W
176 1411 303 1471 Secreto
318 1411 461 1470 coenavit
476 1411 576 1470 avus?
610 1408 704 1467 Nunc
719 1427 733 1467 s
756 1428 791 1467 or
806 1407 857 1466 'ula
871 1407 971 1487 primo
1150 1423 1185 1470 95

162 1506 296 1567 Limine
310 1526 407 1587 parva
420 1507 508 1567 sedet
522 1506 630 1567 turbae
644 1503 792 1584 rapienda
805 1512 940 1583 togatae.

175 1601 233 1662 Ille
248 1613 353 1663 tamen
368 1603 476 1662 faciem
491 1602 574 1682 prius
588 1600 711 1681 inspicit
725 1607 759 1660 et
772 1599 970 1680 trepidatne

176 1699 360 1780 suppositus
374 1699 479 1758 venias
494 1718 529 1758 ac
543 1698 619 1760 falso
633 1697 757 1758 nomine
771 1716 888 1776 poscas.
922 1775 924 1779 Ι

174 1795 312 1875 Agnitus
327 1795 476 1874 accipies3
491 1796 583 1875 jubet
597 1816 615 1856 a
628 1813 779 1874 praecone
794 1793 899 1854 vocari

174 1891 263 1971 Ipsos
277 1892 488 1971 Trojugenas3
510 1911 582 1951 nam
595 1902 710 1952 vexant
724 1890 819 1950 limen
833 1885 866 1956 et
880 1889 939 1970 ipsi
1133 1904 1179 1952 100

74 1995 78 2004 “
173 1987 354 2047 Nobiscum.
395 1987 818 2062 ιι])οΡ100001·ἰ,00010111(ἰο
834 1985 998 2048 Tribuno.”

175 2084 238 2145 Sed
252 2084 414 2144 libertinus
427 2084 511 2164 prior
525 2093 580 2144 est.
621 2091 638 2122 ‘⁶
648 2083 763 2158 P1·ior,’'
777 2082 888 2164 inquit,
903 2091 920 2121 ‘⁴
932 2104 990 2165 ego
1005 2083 1130 2146 adsumz

175 2181 238 2241 Cur
251 2181 379 2242 timeam
393 2181 571 2242 dubitemve
585 2183 688 2242 locum
702 2173 876 2256 defendere,
891 2181 1033 2262 quamvis

173 2278 276 2338 Natus
291 2279 330 2337 ad
341 2278 535 2358 Euphraten,
549 2279 657 2338 molles
671 2279 754 2359 quod
768 2279 801 2340 in
816 2298 888 2340 aure
902 2280 1054 2340 fenestrae
1152 2341 1154 2344 ,
1257 2347 1259 2353 Α

173 2373 344 2454 Arguerint
358 2375 431 2435 lioet
444 2376 509 2454 ipse
523 2395 653 2454 negem:
674 2376 728 2436 sed
742 2361 879 2456 quinque
893 2378 1039 2438 tabernae
1130 2390 1176 2437 105
1275 2385 1276 2388 ’

63 2470 70 2479 '
97 2464 105 2485 ‘
132 2478 152 2502 ’“
174 2457 410 2552 Quadringenta
422 2480 540 2552 parant.
582 2471 666 2544 Quid
680 2473 799 2534 confert
813 2493 949 2556 purpura
962 2472 1103 2553 majoros„
1120 2555 1124 2563 1
1274 2455 1275 2473 ’

174 2567 365 2646 Optandum,
380 2569 406 2630 si
420 2567 568 2629 Laurenti
582 2568 718 2630 custodit
732 2571 764 2631 in
781 2591 855 2652 agro
1067 2635 1069 2640 ,
1104 2529 1120 2596 l

174 2665 350 2726 Conductas
366 2666 518 2727 Corvinus
532 2668 628 2727 oves?
649 2687 708 2748 ego
722 2668 864 2748 possideo
878 2666 947 2746 plus
1071 2651 1080 2673 ‘¹

173 2759 315 2821 Pallante
330 2769 361 2821 et
370 2760 515 2823 'Licinis.”
556 2762 749 2843 Exspeotent
763 2784 836 2843 ergo
850 2761 999 2837 Tribuni;

172 2857 309 2918 Vincant
324 2857 459 2933 divitiae,
476 2879 561 2920 sacro
576 2879 634 2921 nec
648 2862 739 2922 cedat
753 2859 863 2920 honori

289 2955 419 3026 labano
434 2957 542 3018 urbem
555 2958 686 3039 pedibus
701 2958 753 3039 qui
768 2966 895 3018 venerat
910 2955 1006 3031 albis3

171 2951 454 3132 Nffioquidem
446 3055 598 3116 internos
612 3054 804 3116 sanctissima
818 3053 997 3115 divitiarum

171 3149 233 3208 Ma
220 3159 325 3228 jestas,
341 3151 399 3211 etsi
412 3152 534 3212 funesta
548 3151 687 3211 Pecunia
700 3153 816 3232 templo

171 3245 321 3306 Nondum
335 3248 465 3322 habitas,
479 3249 580 3308 nullas
594 3269 790 3308 nummorum
804 3247 956 3328 ereximus
970 3266 1046 3322 arae,

171 3342 219 3404 Ut
232 3344 344 3404 colitur
358 3343 427 3404 Pax
442 3354 534 3424 atque
549 3344 652 3418 Fides,
667 3343 817 3420 Victoria,
833 3323 953 3419 Virtus,

171 3438 319 3520 Quaeque
335 3441 469 3502 salutato
484 3440 615 3519 crepitat
630 3441 804 3508 Concordia
817 3442 899 3510 nido.

172 3536 234 3596 Sed
249 3557 344 3616 quum
358 3556 495 3598 summus
508 3537 608 3598 honor
621 3537 708 3598 finito
723 3546 882 3617 computet
896 3558 978 3600 anno
