<?xml version="1.0" encoding="UTF-8"?>
<!DOCTYPE html PUBLIC "-//W3C//DTD XHTML 1.0 Transitional//EN"
    "http://www.w3.org/TR/xhtml1/DTD/xhtml1-transitional.dtd">
<html xmlns="http://www.w3.org/1999/xhtml" xml:lang="en" lang="en">
 <head>
  <title>
</title>
<meta http-equiv="Content-Type" content="text/html;charset=utf-8" />
  <meta name='ocr-system' content='tesseract 3.04.00' />
  <meta name='ocr-capabilities' content='ocr_page ocr_carea ocr_par ocr_line ocrx_word'/>
</head>
<body>
  <div class='ocr_page' id='page_1' title='image "./thirteensatires02hartgoog_0080.png"; bbox 0 0 2598 4170; ppageno 0'>
   <div class='ocr_carea' id='block_1_1' title="bbox 540 300 1143 366">
    <p class='ocr_par' dir='ltr' id='par_1_1' title="bbox 540 300 1143 366">
     <span class='ocr_line' id='line_1_1' title="bbox 540 300 1143 366; baseline 0 0"><span class='ocrx_word' id='word_1_1' title='bbox 540 315 676 366; x_wconf 74' lang='lat' dir='ltr'>sauma</span> <span class='ocrx_word' id='word_1_2' title='bbox 697 317 750 366; x_wconf 79' lang='grc'>111.</span> <span class='ocrx_word' id='word_1_3' title='bbox 1101 300 1143 366; x_wconf 89' lang='grc'>61</span> 
     </span>
    </p>
   </div>
   <div class='ocr_carea' id='block_1_2' title="bbox 52 483 1246 3583">
    <p class='ocr_par' dir='ltr' id='par_1_2' title="bbox 135 483 1142 757">
     <span class='ocr_line' id='line_1_2' title="bbox 137 483 1095 568; baseline -0.003 -21"><span class='ocrx_word' id='word_1_4' title='bbox 137 486 287 547; x_wconf 85' lang='lat' dir='ltr'>Erectum</span> <span class='ocrx_word' id='word_1_5' title='bbox 302 483 421 546; x_wconf 89' lang='lat' dir='ltr'>domito</span> <span class='ocrx_word' id='word_1_6' title='bbox 435 483 723 546; x_wconf 85' lang='lat' dir='ltr'>referensamonte</span> <span class='ocrx_word' id='word_1_7' title='bbox 735 483 879 564; x_wconf 88' lang='lat' dir='ltr'>ligonem.</span> <span class='ocrx_word' id='word_1_8' title='bbox 1093 563 1095 568; x_wconf 23' lang='grc' dir='ltr'>Ι</span> 
     </span>
     <span class='ocr_line' id='line_1_3' title="bbox 137 581 1142 704; baseline 0 -60"><span class='ocrx_word' id='word_1_9' title='bbox 137 584 246 658; x_wconf 80' lang='lat' dir='ltr'>Quum</span> <span class='ocrx_word' id='word_1_10' title='bbox 260 590 430 644; x_wconf 87' lang='lat' dir='ltr'>tremerent</span> <span class='ocrx_word' id='word_1_11' title='bbox 444 591 550 642; x_wconf 90' lang='lat' dir='ltr'>autem</span> <span class='ocrx_word' id='word_1_12' title='bbox 564 581 678 642; x_wconf 81' lang='lat' dir='ltr'>Fabios</span> <span class='ocrx_word' id='word_1_13' title='bbox 692 581 866 662; x_wconf 86' lang='lat' dir='ltr'>durumque</span> <span class='ocrx_word' id='word_1_14' title='bbox 881 581 1051 704; x_wconf 49' lang='lat' dir='ltr'>Cato*</span> <span class='ocrx_word' id='word_1_15' title='bbox 1112 599 1142 645; x_wconf 85' lang='lat'>90</span> 
     </span>
     <span class='ocr_line' id='line_1_4' title="bbox 135 677 862 757; baseline 0 -17"><span class='ocrx_word' id='word_1_16' title='bbox 135 681 181 742; x_wconf 85' lang='lat' dir='ltr'>Et</span> <span class='ocrx_word' id='word_1_17' title='bbox 196 681 327 743; x_wconf 76' lang='lat' dir='ltr'>Scauros</span> <span class='ocrx_word' id='word_1_18' title='bbox 341 689 373 740; x_wconf 90' lang='lat' dir='ltr'>et</span> <span class='ocrx_word' id='word_1_19' title='bbox 388 677 555 752; x_wconf 81' lang='lat' dir='ltr'>Fabricios,</span> <span class='ocrx_word' id='word_1_20' title='bbox 569 687 725 757; x_wconf 88' lang='lat' dir='ltr'>postremo</span> <span class='ocrx_word' id='word_1_21' title='bbox 739 697 862 740; x_wconf 87' lang='lat' dir='ltr'>severos</span> 
     </span>
    </p>

    <p class='ocr_par' dir='ltr' id='par_1_3' title="bbox 123 690 1196 948">
     <span class='ocr_line' id='line_1_5' title="bbox 123 690 1196 855; baseline 0.002 -15"><span class='ocrx_word' id='word_1_22' title='bbox 123 779 282 840; x_wconf 70' lang='lat' dir='ltr'>=Censoris</span> <span class='ocrx_word' id='word_1_23' title='bbox 295 797 397 840; x_wconf 88' lang='lat' dir='ltr'>mores</span> <span class='ocrx_word' id='word_1_24' title='bbox 411 775 505 836; x_wconf 91' lang='lat' dir='ltr'>etiam</span> <span class='ocrx_word' id='word_1_25' title='bbox 519 776 638 855; x_wconf 83' lang='lat' dir='ltr'>collega</span> <span class='ocrx_word' id='word_1_26' title='bbox 652 774 785 849; x_wconf 82' lang='lat' dir='ltr'>timeret,</span> <span class='ocrx_word' id='word_1_27' title='bbox 1057 690 1196 841; x_wconf 42' lang='grc' dir='ltr'>ἱ</span> 
     </span>
     <span class='ocr_line' id='line_1_6' title="bbox 135 871 880 948; baseline -0.005 -12"><span class='ocrx_word' id='word_1_28' title='bbox 135 877 240 938; x_wconf 88' lang='lat' dir='ltr'>Nemo</span> <span class='ocrx_word' id='word_1_29' title='bbox 254 876 337 937; x_wconf 90' lang='lat' dir='ltr'>inter</span> <span class='ocrx_word' id='word_1_30' title='bbox 350 895 438 937; x_wconf 86' lang='lat' dir='ltr'>curas</span> <span class='ocrx_word' id='word_1_31' title='bbox 452 883 484 934; x_wconf 92' lang='lat' dir='ltr'>et</span> <span class='ocrx_word' id='word_1_32' title='bbox 499 873 578 932; x_wconf 90' lang='lat' dir='ltr'>seria</span> <span class='ocrx_word' id='word_1_33' title='bbox 592 872 682 931; x_wconf 82' lang='lat' dir='ltr'>duxit</span> <span class='ocrx_word' id='word_1_34' title='bbox 695 871 880 948; x_wconf 90' lang='lat' dir='ltr'>habendum,</span> 
     </span>
    </p>

    <p class='ocr_par' dir='ltr' id='par_1_4' title="bbox 134 969 821 1046">
     <span class='ocr_line' id='line_1_7' title="bbox 134 969 821 1046; baseline -0.006 -14"><span class='ocrx_word' id='word_1_35' title='bbox 134 972 245 1046; x_wconf 80' lang='lat' dir='ltr'>Qualis</span> <span class='ocrx_word' id='word_1_36' title='bbox 259 973 290 1034; x_wconf 92' lang='lat' dir='ltr'>in</span> <span class='ocrx_word' id='word_1_37' title='bbox 305 973 423 1034; x_wconf 88' lang='lat' dir='ltr'>Oceani</span> <span class='ocrx_word' id='word_1_38' title='bbox 436 973 533 1032; x_wconf 91' lang='lat' dir='ltr'>fluctu</span> <span class='ocrx_word' id='word_1_39' title='bbox 550 969 675 1030; x_wconf 89' lang='lat' dir='ltr'>testudo</span> <span class='ocrx_word' id='word_1_40' title='bbox 690 977 821 1044; x_wconf 85' lang='lat' dir='ltr'>nataret,</span> 
     </span>
    </p>

    <p class='ocr_par' dir='ltr' id='par_1_5' title="bbox 134 1026 1140 1246">
     <span class='ocr_line' id='line_1_8' title="bbox 134 1026 1140 1150; baseline 0 -19"><span class='ocrx_word' id='word_1_41' title='bbox 134 1071 263 1132; x_wconf 82' lang='lat' dir='ltr'>Clarum</span> <span class='ocrx_word' id='word_1_42' title='bbox 277 1070 462 1150; x_wconf 85' lang='lat' dir='ltr'>Trojugenis</span> <span class='ocrx_word' id='word_1_43' title='bbox 475 1069 594 1131; x_wconf 83' lang='lat' dir='ltr'>factura</span> <span class='ocrx_word' id='word_1_44' title='bbox 609 1085 645 1126; x_wconf 90' lang='lat' dir='ltr'>ac</span> <span class='ocrx_word' id='word_1_45' title='bbox 659 1066 762 1126; x_wconf 86' lang='lat' dir='ltr'>nobile</span> <span class='ocrx_word' id='word_1_46' title='bbox 776 1026 927 1143; x_wconf 62' lang='lat' dir='ltr'>fuldrdm</span> <span class='ocrx_word' id='word_1_47' title='bbox 1108 1085 1140 1131; x_wconf 79' lang='grc'>05</span> 
     </span>
     <span class='ocr_line' id='line_1_9' title="bbox 134 1160 978 1246; baseline 0 -20"><span class='ocrx_word' id='word_1_48' title='bbox 134 1166 198 1226; x_wconf 86' lang='lat' dir='ltr'>Sed</span> <span class='ocrx_word' id='word_1_49' title='bbox 213 1167 297 1228; x_wconf 93' lang='lat' dir='ltr'>nudo</span> <span class='ocrx_word' id='word_1_50' title='bbox 311 1169 408 1228; x_wconf 89' lang='lat' dir='ltr'>latere</span> <span class='ocrx_word' id='word_1_51' title='bbox 423 1175 455 1228; x_wconf 90' lang='lat' dir='ltr'>et</span> <span class='ocrx_word' id='word_1_52' title='bbox 468 1166 572 1246; x_wconf 91' lang='lat' dir='ltr'>parvis</span> <span class='ocrx_word' id='word_1_53' title='bbox 586 1166 670 1226; x_wconf 87' lang='lat' dir='ltr'>frons</span> <span class='ocrx_word' id='word_1_54' title='bbox 685 1182 774 1224; x_wconf 86' lang='lat' dir='ltr'>aerea</span> <span class='ocrx_word' id='word_1_55' title='bbox 788 1160 978 1226; x_wconf 56' lang='lat' dir='ltr'>lectiam&amp;</span> 
     </span>
    </p>

    <p class='ocr_par' dir='ltr' id='par_1_6' title="bbox 132 1260 779 1344">
     <span class='ocr_line' id='line_1_10' title="bbox 132 1260 779 1344; baseline -0.005 -21"><span class='ocrx_word' id='word_1_56' title='bbox 132 1262 208 1323; x_wconf 91' lang='lat' dir='ltr'>Vile</span> <span class='ocrx_word' id='word_1_57' title='bbox 223 1264 362 1324; x_wconf 88' lang='lat' dir='ltr'>coronati</span> <span class='ocrx_word' id='word_1_58' title='bbox 377 1273 469 1344; x_wconf 87' lang='lat' dir='ltr'>caput</span> <span class='ocrx_word' id='word_1_59' title='bbox 484 1261 669 1324; x_wconf 76' lang='lat' dir='ltr'>ostendebat</span> <span class='ocrx_word' id='word_1_60' title='bbox 684 1260 779 1334; x_wconf 80' lang='lat' dir='ltr'>aselli,</span> 
     </span>
    </p>

    <p class='ocr_par' dir='ltr' id='par_1_7' title="bbox 131 1357 805 1438">
     <span class='ocr_line' id='line_1_11' title="bbox 131 1357 805 1438; baseline 0.003 -22"><span class='ocrx_word' id='word_1_61' title='bbox 131 1357 185 1416; x_wconf 90' lang='lat' dir='ltr'>Ad</span> <span class='ocrx_word' id='word_1_62' title='bbox 202 1359 286 1438; x_wconf 91' lang='lat' dir='ltr'>quod</span> <span class='ocrx_word' id='word_1_63' title='bbox 301 1359 407 1420; x_wconf 88' lang='lat' dir='ltr'>lascivi</span> <span class='ocrx_word' id='word_1_64' title='bbox 421 1360 570 1420; x_wconf 83' lang='lat' dir='ltr'>ludebant</span> <span class='ocrx_word' id='word_1_65' title='bbox 584 1359 663 1420; x_wconf 90' lang='lat' dir='ltr'>ruris</span> <span class='ocrx_word' id='word_1_66' title='bbox 679 1357 805 1418; x_wconf 87' lang='lat' dir='ltr'>alumni.</span> 
     </span>
    </p>

    <p class='ocr_par' dir='ltr' id='par_1_8' title="bbox 132 1453 898 1536">
     <span class='ocr_line' id='line_1_12' title="bbox 132 1453 898 1536; baseline 0.008 -24"><span class='ocrx_word' id='word_1_67' title='bbox 132 1453 226 1516; x_wconf 88' lang='lat' dir='ltr'>Tales</span> <span class='ocrx_word' id='word_1_68' title='bbox 241 1476 315 1536; x_wconf 84' lang='lat' dir='ltr'>ergo</span> <span class='ocrx_word' id='word_1_69' title='bbox 329 1456 390 1516; x_wconf 89' lang='lat' dir='ltr'>cibi</span> <span class='ocrx_word' id='word_1_70' title='bbox 403 1457 501 1536; x_wconf 87' lang='lat' dir='ltr'>qualis</span> <span class='ocrx_word' id='word_1_71' title='bbox 517 1456 626 1516; x_wconf 82' lang='lat' dir='ltr'>domur</span> <span class='ocrx_word' id='word_1_72' title='bbox 642 1465 735 1536; x_wconf 90' lang='lat' dir='ltr'>atque</span> <span class='ocrx_word' id='word_1_73' title='bbox 750 1456 898 1536; x_wconf 84' lang='lat' dir='ltr'>supellex.</span> 
     </span>
    </p>

    <p class='ocr_par' dir='ltr' id='par_1_9' title="bbox 130 1551 1246 1828">
     <span class='ocr_line' id='line_1_13' title="bbox 173 1551 1246 1628; baseline 0.008 -17"><span class='ocrx_word' id='word_1_74' title='bbox 173 1551 263 1612; x_wconf 86' lang='lat' dir='ltr'>Tunc</span> <span class='ocrx_word' id='word_1_75' title='bbox 278 1552 362 1613; x_wconf 90' lang='lat' dir='ltr'>rudis</span> <span class='ocrx_word' id='word_1_76' title='bbox 376 1562 408 1614; x_wconf 88' lang='lat' dir='ltr'>et</span> <span class='ocrx_word' id='word_1_77' title='bbox 423 1553 531 1614; x_wconf 84' lang='lat' dir='ltr'>Graias</span> <span class='ocrx_word' id='word_1_78' title='bbox 545 1553 649 1613; x_wconf 91' lang='lat' dir='ltr'>mirari</span> <span class='ocrx_word' id='word_1_79' title='bbox 663 1552 783 1614; x_wconf 91' lang='lat' dir='ltr'>nescius</span> <span class='ocrx_word' id='word_1_80' title='bbox 799 1561 888 1628; x_wconf 88' lang='lat' dir='ltr'>artes,</span> <span class='ocrx_word' id='word_1_81' title='bbox 1091 1573 1138 1619; x_wconf 91' lang='grc'>100</span> <span class='ocrx_word' id='word_1_82' title='bbox 1236 1560 1246 1577; x_wconf 82' lang='lat'><em>&#39;</em></span> 
     </span>
     <span class='ocr_line' id='line_1_14' title="bbox 130 1648 1006 1732; baseline 0.001 -22"><span class='ocrx_word' id='word_1_83' title='bbox 130 1648 272 1711; x_wconf 82' lang='lat' dir='ltr'>Urbibus</span> <span class='ocrx_word' id='word_1_84' title='bbox 286 1651 407 1725; x_wconf 80' lang='lat' dir='ltr'>eversis,</span> <span class='ocrx_word' id='word_1_85' title='bbox 422 1652 605 1731; x_wconf 86' lang='lat' dir='ltr'>praedarum</span> <span class='ocrx_word' id='word_1_86' title='bbox 619 1650 651 1710; x_wconf 90' lang='lat' dir='ltr'>in</span> <span class='ocrx_word' id='word_1_87' title='bbox 666 1659 754 1730; x_wconf 87' lang='lat' dir='ltr'>parte</span> <span class='ocrx_word' id='word_1_88' title='bbox 768 1661 891 1732; x_wconf 88' lang='lat' dir='ltr'>reperta</span> <span class='ocrx_word' id='word_1_89' title='bbox 1004 1685 1006 1689; x_wconf 32' lang='grc' dir='ltr'><em>ν</em></span> 
     </span>
     <span class='ocr_line' id='line_1_15' title="bbox 131 1745 896 1828; baseline 0.004 -22"><span class='ocrx_word' id='word_1_90' title='bbox 131 1745 317 1826; x_wconf 81' lang='lat' dir='ltr'>Magnorum</span> <span class='ocrx_word' id='word_1_91' title='bbox 332 1747 482 1808; x_wconf 83' lang='lat' dir='ltr'>artificum</span> <span class='ocrx_word' id='word_1_92' title='bbox 496 1748 659 1828; x_wconf 86' lang='lat' dir='ltr'>frangebat</span> <span class='ocrx_word' id='word_1_93' title='bbox 673 1749 784 1826; x_wconf 87' lang='lat' dir='ltr'>pocula</span> <span class='ocrx_word' id='word_1_94' title='bbox 800 1748 896 1824; x_wconf 87' lang='lat' dir='ltr'>miles,</span> 
     </span>
    </p>

    <p class='ocr_par' dir='ltr' id='par_1_10' title="bbox 130 1841 907 1926">
     <span class='ocr_line' id='line_1_16' title="bbox 130 1841 907 1926; baseline 0.004 -22"><span class='ocrx_word' id='word_1_95' title='bbox 130 1841 180 1904; x_wconf 88' lang='lat' dir='ltr'>Ut</span> <span class='ocrx_word' id='word_1_96' title='bbox 193 1844 325 1922; x_wconf 88' lang='lat' dir='ltr'>phaleris</span> <span class='ocrx_word' id='word_1_97' title='bbox 339 1845 489 1924; x_wconf 86' lang='lat' dir='ltr'>gauderet</span> <span class='ocrx_word' id='word_1_98' title='bbox 503 1863 608 1924; x_wconf 89' lang='lat' dir='ltr'>equus,</span> <span class='ocrx_word' id='word_1_99' title='bbox 622 1845 800 1926; x_wconf 77' lang='lat' dir='ltr'>caelataque</span> <span class='ocrx_word' id='word_1_100' title='bbox 815 1845 907 1907; x_wconf 87' lang='lat' dir='ltr'>cassis</span> 
     </span>
    </p>

    <p class='ocr_par' dir='ltr' id='par_1_11' title="bbox 131 1939 914 2024">
     <span class='ocr_line' id='line_1_17' title="bbox 131 1939 914 2024; baseline 0.009 -26"><span class='ocrx_word' id='word_1_101' title='bbox 131 1939 302 2002; x_wconf 87' lang='lat' dir='ltr'>Romuleae</span> <span class='ocrx_word' id='word_1_102' title='bbox 316 1941 478 2002; x_wconf 89' lang='lat' dir='ltr'>simulacra</span> <span class='ocrx_word' id='word_1_103' title='bbox 491 1941 573 2002; x_wconf 85' lang='lat' dir='ltr'>ferae</span> <span class='ocrx_word' id='word_1_104' title='bbox 587 1960 800 2004; x_wconf 83' lang='lat' dir='ltr'>mansuescere</span> <span class='ocrx_word' id='word_1_105' title='bbox 809 1943 914 2024; x_wconf 89' lang='lat' dir='ltr'>jussae</span> 
     </span>
    </p>

    <p class='ocr_par' dir='ltr' id='par_1_12' title="bbox 130 2004 1135 2120">
     <span class='ocr_line' id='line_1_18' title="bbox 130 2004 1135 2120; baseline 0.013 -26"><span class='ocrx_word' id='word_1_106' title='bbox 130 2035 257 2116; x_wconf 91' lang='lat' dir='ltr'>Imperii</span> <span class='ocrx_word' id='word_1_107' title='bbox 271 2037 345 2112; x_wconf 85' lang='lat' dir='ltr'>fato,</span> <span class='ocrx_word' id='word_1_108' title='bbox 359 2038 498 2118; x_wconf 88' lang='lat' dir='ltr'>geminos</span> <span class='ocrx_word' id='word_1_109' title='bbox 512 2039 569 2100; x_wconf 87' lang='lat' dir='ltr'>sub</span> <span class='ocrx_word' id='word_1_110' title='bbox 583 2059 659 2120; x_wconf 87' lang='lat' dir='ltr'>rupe</span> <span class='ocrx_word' id='word_1_111' title='bbox 674 2004 828 2117; x_wconf 65' lang='lat' dir='ltr'>Quidum,</span> <span class='ocrx_word' id='word_1_112' title='bbox 1088 2060 1135 2108; x_wconf 79' lang='lat'>105</span> 
     </span>
    </p>

    <p class='ocr_par' dir='ltr' id='par_1_13' title="bbox 81 2120 1208 2260">
     <span class='ocr_line' id='line_1_19' title="bbox 81 2120 1208 2260; baseline 0.012 -69"><span class='ocrx_word' id='word_1_113' title='bbox 81 2155 88 2179; x_wconf 70' lang='lat' dir='ltr'>v</span> <span class='ocrx_word' id='word_1_114' title='bbox 128 2132 179 2192; x_wconf 93' lang='lat' dir='ltr'>Ao</span> <span class='ocrx_word' id='word_1_115' title='bbox 193 2134 308 2193; x_wconf 91' lang='lat' dir='ltr'>nudam</span> <span class='ocrx_word' id='word_1_116' title='bbox 323 2134 453 2214; x_wconf 84' lang='lat' dir='ltr'>effigiem</span> <span class='ocrx_word' id='word_1_117' title='bbox 469 2135 567 2216; x_wconf 90' lang='lat' dir='ltr'>clipeo</span> <span class='ocrx_word' id='word_1_118' title='bbox 582 2137 736 2199; x_wconf 88' lang='lat' dir='ltr'>venientis</span> <span class='ocrx_word' id='word_1_119' title='bbox 750 2135 1063 2260; x_wconf 51' lang='grc' dir='ltr'>01111011αῇ11Μῶ</span> <span class='ocrx_word' id='word_1_120' title='bbox 1204 2120 1208 2126; x_wconf 84' lang='lat'><strong>.</strong></span> 
     </span>
    </p>

    <p class='ocr_par' dir='ltr' id='par_1_14' title="bbox 129 2209 1184 2312">
     <span class='ocr_line' id='line_1_20' title="bbox 129 2209 1184 2312; baseline 0.008 -22"><span class='ocrx_word' id='word_1_121' title='bbox 129 2231 360 2310; x_wconf 88' lang='lat' dir='ltr'>Pendentisque</span> <span class='ocrx_word' id='word_1_122' title='bbox 375 2231 425 2292; x_wconf 91' lang='lat' dir='ltr'>dei</span> <span class='ocrx_word' id='word_1_123' title='bbox 439 2232 576 2312; x_wconf 85' lang='lat' dir='ltr'>perituro</span> <span class='ocrx_word' id='word_1_124' title='bbox 591 2235 768 2297; x_wconf 86' lang='lat' dir='ltr'>ostenderet</span> <span class='ocrx_word' id='word_1_125' title='bbox 783 2237 873 2298; x_wconf 89' lang='lat' dir='ltr'>hosti.</span> <span class='ocrx_word' id='word_1_126' title='bbox 935 2209 1014 2284; x_wconf 40' lang='lat' dir='ltr'>st*</span> <span class='ocrx_word' id='word_1_127' title='bbox 1059 2214 1184 2260; x_wconf 54' lang='lat' dir='ltr'>“mm</span> 
     </span>
    </p>

    <p class='ocr_par' dir='ltr' id='par_1_15' title="bbox 127 2327 843 2407">
     <span class='ocr_line' id='line_1_21' title="bbox 127 2327 843 2407; baseline 0.014 -21"><span class='ocrx_word' id='word_1_128' title='bbox 127 2327 263 2407; x_wconf 86' lang='lat' dir='ltr'>Argenti</span> <span class='ocrx_word' id='word_1_129' title='bbox 277 2329 361 2407; x_wconf 94' lang='lat' dir='ltr'>quod</span> <span class='ocrx_word' id='word_1_130' title='bbox 376 2338 442 2388; x_wconf 89' lang='lat' dir='ltr'>erat</span> <span class='ocrx_word' id='word_1_131' title='bbox 456 2329 529 2390; x_wconf 89' lang='lat' dir='ltr'>solis</span> <span class='ocrx_word' id='word_1_132' title='bbox 542 2330 585 2390; x_wconf 85' lang='lat' dir='ltr'>ful</span> <span class='ocrx_word' id='word_1_133' title='bbox 609 2332 681 2392; x_wconf 89' lang='lat' dir='ltr'>ebat</span> <span class='ocrx_word' id='word_1_134' title='bbox 695 2333 727 2392; x_wconf 94' lang='lat' dir='ltr'>in</span> <span class='ocrx_word' id='word_1_135' title='bbox 743 2335 843 2396; x_wconf 89' lang='lat' dir='ltr'>armis.</span> 
     </span>
    </p>

    <p class='ocr_par' dir='ltr' id='par_1_16' title="bbox 128 2394 780 2506">
     <span class='ocr_line' id='line_1_22' title="bbox 128 2394 780 2506; baseline 0.012 -23"><span class='ocrx_word' id='word_1_136' title='bbox 128 2423 292 2485; x_wconf 87' lang='lat' dir='ltr'>Ponebant</span> <span class='ocrx_word' id='word_1_137' title='bbox 305 2424 400 2504; x_wconf 86' lang='lat' dir='ltr'>igitur</span> <span class='ocrx_word' id='word_1_138' title='bbox 414 2425 516 2486; x_wconf 86' lang='lat' dir='ltr'>Tusco</span> <span class='ocrx_word' id='word_1_139' title='bbox 530 2394 585 2486; x_wconf 41' lang='lat' dir='ltr'>fa‘d&#39;</span> <span class='ocrx_word' id='word_1_140' title='bbox 605 2435 643 2488; x_wconf 78' lang='lat' dir='ltr'>&#39;ta</span> <span class='ocrx_word' id='word_1_141' title='bbox 657 2429 780 2506; x_wconf 84' lang='lat' dir='ltr'>catin03</span> 
     </span>
    </p>

    <p class='ocr_par' dir='ltr' id='par_1_17' title="bbox 128 2519 1133 2702">
     <span class='ocr_line' id='line_1_23' title="bbox 128 2519 1133 2602; baseline 0.016 -23"><span class='ocrx_word' id='word_1_142' title='bbox 128 2519 242 2580; x_wconf 91' lang='lat' dir='ltr'>Omnia</span> <span class='ocrx_word' id='word_1_143' title='bbox 255 2530 330 2582; x_wconf 92' lang='lat' dir='ltr'>tunc</span> <span class='ocrx_word' id='word_1_144' title='bbox 345 2522 455 2602; x_wconf 89' lang='lat' dir='ltr'>quibus</span> <span class='ocrx_word' id='word_1_145' title='bbox 469 2522 607 2585; x_wconf 86' lang='lat' dir='ltr'>invideas</span> <span class='ocrx_word' id='word_1_146' title='bbox 621 2525 647 2586; x_wconf 88' lang='lat' dir='ltr'>si</span> <span class='ocrx_word' id='word_1_147' title='bbox 662 2527 809 2590; x_wconf 90' lang='lat' dir='ltr'>lividulus</span> <span class='ocrx_word' id='word_1_148' title='bbox 823 2530 872 2592; x_wconf 90' lang='lat' dir='ltr'>sis.</span> <span class='ocrx_word' id='word_1_149' title='bbox 1087 2549 1133 2596; x_wconf 93' lang='grc'>110</span> 
     </span>
     <span class='ocr_line' id='line_1_24' title="bbox 128 2616 949 2702; baseline 0.015 -26"><span class='ocrx_word' id='word_1_150' title='bbox 128 2616 328 2697; x_wconf 86' lang='lat' dir='ltr'>Templorum</span> <span class='ocrx_word' id='word_1_151' title='bbox 343 2637 464 2699; x_wconf 90' lang='lat' dir='ltr'>quoque</span> <span class='ocrx_word' id='word_1_152' title='bbox 479 2620 622 2699; x_wconf 87' lang='lat' dir='ltr'>majestas</span> <span class='ocrx_word' id='word_1_153' title='bbox 637 2627 828 2702; x_wconf 84' lang='lat' dir='ltr'>praesentior</span> <span class='ocrx_word' id='word_1_154' title='bbox 841 2637 873 2690; x_wconf 94' lang='lat' dir='ltr'>et</span> <span class='ocrx_word' id='word_1_155' title='bbox 887 2649 949 2692; x_wconf 85' lang='lat' dir='ltr'>vox</span> 
     </span>
    </p>

    <p class='ocr_par' dir='ltr' id='par_1_18' title="bbox 127 2713 964 2804">
     <span class='ocr_line' id='line_1_25' title="bbox 127 2713 964 2804; baseline 0.019 -31"><span class='ocrx_word' id='word_1_156' title='bbox 127 2713 229 2774; x_wconf 90' lang='lat' dir='ltr'>Nocte</span> <span class='ocrx_word' id='word_1_157' title='bbox 243 2715 307 2774; x_wconf 80' lang='lat' dir='ltr'>fere</span> <span class='ocrx_word' id='word_1_158' title='bbox 320 2715 405 2775; x_wconf 91' lang='lat' dir='ltr'>medi</span> <span class='ocrx_word' id='word_1_159' title='bbox 420 2716 631 2803; x_wconf 37' lang='lat' dir='ltr'>&#39;mediamque</span> <span class='ocrx_word' id='word_1_160' title='bbox 646 2722 753 2782; x_wconf 90' lang='lat' dir='ltr'>audita</span> <span class='ocrx_word' id='word_1_161' title='bbox 766 2744 821 2804; x_wconf 90' lang='lat' dir='ltr'>per</span> <span class='ocrx_word' id='word_1_162' title='bbox 835 2726 964 2802; x_wconf 83' lang='lat' dir='ltr'>Urbem,</span> 
     </span>
    </p>

    <p class='ocr_par' dir='ltr' id='par_1_19' title="bbox 52 2776 857 2884">
     <span class='ocr_line' id='line_1_26' title="bbox 52 2776 857 2884; baseline 0.019 -16"><span class='ocrx_word' id='word_1_163' title='bbox 52 2837 61 2850; x_wconf 90' lang='lat'><strong>·</strong></span> <span class='ocrx_word' id='word_1_164' title='bbox 104 2809 107 2813; x_wconf 80' lang='grc'><strong>’</strong></span> <span class='ocrx_word' id='word_1_165' title='bbox 126 2809 230 2871; x_wconf 87' lang='lat' dir='ltr'>Litore</span> <span class='ocrx_word' id='word_1_166' title='bbox 246 2776 391 2872; x_wconf 56' lang='grc' dir='ltr'>1111111111ξ</span> <span class='ocrx_word' id='word_1_167' title='bbox 439 2811 536 2873; x_wconf 83' lang='lat' dir='ltr'>Gallis</span> <span class='ocrx_word' id='word_1_168' title='bbox 551 2815 748 2880; x_wconf 82' lang='lat' dir='ltr'>venientibus</span> <span class='ocrx_word' id='word_1_169' title='bbox 763 2831 795 2881; x_wconf 85' lang='lat' dir='ltr'>et</span> <span class='ocrx_word' id='word_1_170' title='bbox 809 2823 857 2884; x_wconf 89' lang='lat' dir='ltr'>dis</span> 
     </span>
    </p>

    <p class='ocr_par' dir='ltr' id='par_1_20' title="bbox 127 2905 917 2996">
     <span class='ocr_line' id='line_1_27' title="bbox 127 2905 917 2996; baseline 0.023 -31"><span class='ocrx_word' id='word_1_171' title='bbox 127 2905 268 2967; x_wconf 89' lang='lat' dir='ltr'>Officium</span> <span class='ocrx_word' id='word_1_172' title='bbox 282 2908 362 2978; x_wconf 86' lang='lat' dir='ltr'>vatis</span> <span class='ocrx_word' id='word_1_173' title='bbox 376 2913 604 2992; x_wconf 85' lang='lat' dir='ltr'>peragentibus.</span> <span class='ocrx_word' id='word_1_174' title='bbox 646 2917 705 2980; x_wconf 88' lang='lat' dir='ltr'>His</span> <span class='ocrx_word' id='word_1_175' title='bbox 718 2922 840 2982; x_wconf 88' lang='lat' dir='ltr'>monuit</span> <span class='ocrx_word' id='word_1_176' title='bbox 853 2942 917 2996; x_wconf 92' lang='lat' dir='ltr'>nos,</span> 
     </span>
    </p>

    <p class='ocr_par' dir='ltr' id='par_1_21' title="bbox 126 3002 1131 3193">
     <span class='ocr_line' id='line_1_28' title="bbox 126 3002 1131 3093; baseline 0.02 -32"><span class='ocrx_word' id='word_1_177' title='bbox 126 3002 217 3064; x_wconf 90' lang='lat' dir='ltr'>Hanc</span> <span class='ocrx_word' id='word_1_178' title='bbox 230 3003 320 3065; x_wconf 86' lang='lat' dir='ltr'>rebus</span> <span class='ocrx_word' id='word_1_179' title='bbox 335 3004 432 3067; x_wconf 87' lang='lat' dir='ltr'>Latiis</span> <span class='ocrx_word' id='word_1_180' title='bbox 448 3030 553 3072; x_wconf 89' lang='lat' dir='ltr'>curam</span> <span class='ocrx_word' id='word_1_181' title='bbox 568 3025 723 3093; x_wconf 89' lang='lat' dir='ltr'>praestare</span> <span class='ocrx_word' id='word_1_182' title='bbox 738 3017 856 3078; x_wconf 87' lang='lat' dir='ltr'>solebat</span> <span class='ocrx_word' id='word_1_183' title='bbox 1084 3036 1131 3082; x_wconf 85' lang='lat'>115</span> 
     </span>
     <span class='ocr_line' id='line_1_29' title="bbox 126 3099 800 3193; baseline 0.021 -34"><span class='ocrx_word' id='word_1_184' title='bbox 126 3099 245 3161; x_wconf 86' lang='lat' dir='ltr'>Fictilis</span> <span class='ocrx_word' id='word_1_185' title='bbox 260 3110 291 3162; x_wconf 88' lang='lat' dir='ltr'>et</span> <span class='ocrx_word' id='word_1_186' title='bbox 305 3104 390 3164; x_wconf 89' lang='lat' dir='ltr'>nullo</span> <span class='ocrx_word' id='word_1_187' title='bbox 407 3107 541 3170; x_wconf 88' lang='lat' dir='ltr'>violatus</span> <span class='ocrx_word' id='word_1_188' title='bbox 556 3111 703 3193; x_wconf 88' lang='lat' dir='ltr'>Juppiter</span> <span class='ocrx_word' id='word_1_189' title='bbox 717 3133 800 3176; x_wconf 88' lang='lat' dir='ltr'>auro.</span> 
     </span>
    </p>

    <p class='ocr_par' dir='ltr' id='par_1_22' title="bbox 126 3195 879 3287">
     <span class='ocr_line' id='line_1_30' title="bbox 126 3195 879 3287; baseline 0.023 -32"><span class='ocrx_word' id='word_1_190' title='bbox 126 3195 184 3256; x_wconf 91' lang='lat' dir='ltr'>Illa</span> <span class='ocrx_word' id='word_1_191' title='bbox 198 3198 282 3261; x_wconf 90' lang='lat' dir='ltr'>domi</span> <span class='ocrx_word' id='word_1_192' title='bbox 297 3211 385 3265; x_wconf 88' lang='lat' dir='ltr'>natas</span> <span class='ocrx_word' id='word_1_193' title='bbox 401 3203 567 3287; x_wconf 85' lang='lat' dir='ltr'>nostraque</span> <span class='ocrx_word' id='word_1_194' title='bbox 583 3229 621 3269; x_wconf 89' lang='lat' dir='ltr'>ex</span> <span class='ocrx_word' id='word_1_195' title='bbox 636 3211 743 3270; x_wconf 90' lang='lat' dir='ltr'>arbore</span> <span class='ocrx_word' id='word_1_196' title='bbox 757 3229 879 3272; x_wconf 87' lang='lat' dir='ltr'>mensas</span> 
     </span>
    </p>

    <p class='ocr_par' dir='ltr' id='par_1_23' title="bbox 125 3293 928 3384">
     <span class='ocr_line' id='line_1_31' title="bbox 125 3293 928 3384; baseline 0.017 -30"><span class='ocrx_word' id='word_1_197' title='bbox 125 3293 279 3378; x_wconf 88' lang='lat' dir='ltr'>Tempora</span> <span class='ocrx_word' id='word_1_198' title='bbox 292 3300 459 3363; x_wconf 90' lang='lat' dir='ltr'>viderunt:</span> <span class='ocrx_word' id='word_1_199' title='bbox 480 3304 537 3364; x_wconf 89' lang='lat' dir='ltr'>hos</span> <span class='ocrx_word' id='word_1_200' title='bbox 551 3305 668 3384; x_wconf 83' lang='lat' dir='ltr'>lignum</span> <span class='ocrx_word' id='word_1_201' title='bbox 684 3307 786 3368; x_wconf 90' lang='lat' dir='ltr'>stabat</span> <span class='ocrx_word' id='word_1_202' title='bbox 800 3307 832 3368; x_wconf 91' lang='lat' dir='ltr'>in</span> <span class='ocrx_word' id='word_1_203' title='bbox 848 3327 928 3382; x_wconf 90' lang='lat' dir='ltr'>usus,</span> 
     </span>
    </p>

    <p class='ocr_par' dir='ltr' id='par_1_24' title="bbox 125 3393 839 3480">
     <span class='ocr_line' id='line_1_32' title="bbox 125 3393 839 3480; baseline 0.02 -28"><span class='ocrx_word' id='word_1_204' title='bbox 125 3393 286 3460; x_wconf 91' lang='lat' dir='ltr'>Annosam</span> <span class='ocrx_word' id='word_1_205' title='bbox 302 3399 327 3461; x_wconf 92' lang='lat' dir='ltr'>si</span> <span class='ocrx_word' id='word_1_206' title='bbox 341 3399 420 3460; x_wconf 86' lang='lat' dir='ltr'>forte</span> <span class='ocrx_word' id='word_1_207' title='bbox 434 3420 547 3461; x_wconf 88' lang='lat' dir='ltr'>nucem</span> <span class='ocrx_word' id='word_1_208' title='bbox 561 3400 715 3480; x_wconf 87' lang='lat' dir='ltr'>dejecerat</span> <span class='ocrx_word' id='word_1_209' title='bbox 729 3402 839 3466; x_wconf 88' lang='lat' dir='ltr'>Eurus.</span> 
     </span>
    </p>

    <p class='ocr_par' dir='ltr' id='par_1_25' title="bbox 125 3491 1128 3583">
     <span class='ocr_line' id='line_1_33' title="bbox 125 3491 1128 3583; baseline 0.014 -30"><span class='ocrx_word' id='word_1_210' title='bbox 125 3491 169 3556; x_wconf 87' lang='lat' dir='ltr'>At</span> <span class='ocrx_word' id='word_1_211' title='bbox 182 3516 267 3559; x_wconf 92' lang='lat' dir='ltr'>nuno</span> <span class='ocrx_word' id='word_1_212' title='bbox 282 3494 431 3557; x_wconf 88' lang='lat' dir='ltr'>divitibus</span> <span class='ocrx_word' id='word_1_213' title='bbox 445 3496 598 3560; x_wconf 86' lang='lat' dir='ltr'>coenandi</span> <span class='ocrx_word' id='word_1_214' title='bbox 609 3499 696 3560; x_wconf 87' lang='lat' dir='ltr'>nulla</span> <span class='ocrx_word' id='word_1_215' title='bbox 708 3501 861 3583; x_wconf 85' lang='lat' dir='ltr'>voluptas,</span> <span class='ocrx_word' id='word_1_216' title='bbox 1082 3519 1128 3568; x_wconf 82' lang='lat'>120</span> 
     </span>
    </p>
   </div>
   <div class='ocr_carea' id='block_1_3' title="bbox 0 0 1304 4170">
    <p class='ocr_par' dir='ltr' id='par_1_26' title="bbox 0 0 1304 4170">
     <span class='ocr_line' id='line_1_34' title="bbox 0 0 1304 4170; baseline 0 4"><span class='ocrx_word' id='word_1_217' title='bbox 0 0 1304 4170; x_wconf 95' lang='lat' dir='ltr'> </span> 
     </span>
    </p>
   </div>
  </div>
 </body>
</html>
