2598 4170
502 349 638 399 sarmn
664 351 744 399 vm.
1080 331 1123 397 41

113 521 268 582 Fortibus
282 528 318 580 et
329 517 463 578 miseris:
484 518 575 578 tofles
588 517 662 578 lieet
676 537 767 578 omne
782 516 865 598 quod
880 536 1009 598 usquam
1022 523 1071 578 est

113 619 199 678 Auri
213 627 307 697 atque
321 615 449 696 argenti,
464 623 585 676 sentum
599 614 798 695 gladiumque
811 615 966 696 relinques

114 715 161 775 Et
177 716 283 795 janula
297 723 330 774 et
342 713 480 793 galeam:
502 711 641 792 spoliatis
656 731 740 771 arma
754 723 926 792 supersunt.
998 759 1003 778 ,

158 812 253 885 Quod
267 780 361 870 riddo
375 809 520 890 proposui
534 830 598 870 non
612 818 660 869 est
674 776 844 872 sdtdntla:
864 829 974 869 verum
1076 823 1122 868 125

118 909 246 970 Credite
260 929 310 969 me
324 908 412 968 vobis
426 908 534 968 folium
546 907 676 968 recitare
692 907 838 986 Sibyllae.
874 968 878 982 „

694 985 785 1094 neimo
800 974 949 1076 tribunal¹
996 1043 1001 1052 .

118 1006 153 1065 Si
167 1007 224 1066 tibi
239 1015 345 1066 saneta
359 971 475 1080 Μ
483 1005 639 1081 comitum,
655 981 688 1064 sil

117 1103 240 1162 Vendit
252 1102 482 1173 Aeerseeomes,
496 1101 522 1160 si
537 1101 657 1182 pullum
670 1101 703 1164 in
718 1101 848 1180 conjuge
862 1099 986 1179 crimen,

116 1199 189 1259 Neo
201 1219 257 1279 per
271 1163 443 1262 collibistas
456 1207 489 1258 et
503 1207 615 1258 eunota
626 1217 683 1277 per
697 1197 812 1277 oppida
826 1196 928 1352 ogrvis

116 1295 287 1374 Unguibus
300 1296 344 1354 ire
358 1304 447 1386 Ql
461 1314 606 1354 nummos·
618 1303 744 1374 raptura
759 1294 834 1356 Cela
852 1291 924 1368 nol}d
1077 1307 1123 1353 130

116 1391 210 1452 Turro
222 1392 295 1452 lieet
309 1411 327 1451 a
341 1391 417 1452 Pico
431 1411 574 1452 numeres
587 1411 693 1471 genus,
709 1392 771 1464 alta
793 1397 831 1462 ue
846 1391 871 1451 si
884 1401 917 1450 te

116 1487 256 1547 Nomina
270 1488 434 1562 delectant,
449 1485 573 1548 omnem
587 1412 884 1567 Tlffifflllfflffl

116 1582 207 1642 Inter
219 1583 351 1662 majores
364 1583 526 1662 ipsumque
540 1583 728 1642 Promethea
741 1601 856 1662 ponas:

115 1679 168 1739 De
183 1698 365 1759 quoeunque
379 1656 465 1738 voles
478 1665 628 1757 proalmm
642 1679 700 1740 tibi
714 1678 828 1740 sumito
841 1678 929 1759 libro.

116 1775 213 1849 Quod
227 1776 253 1836 si
265 1775 465 1855 praeeipitem
478 1776 559 1854 rapit
573 1775 702 1835 ambitio
717 1784 808 1854 atque
823 1775 928 1850 libide,
1077 1789 1123 1838 135

117 1875 153 1936 Si
167 1873 282 1953 frangis
296 1873 399 1952 virgas
413 1873 567 1952 sociorum
581 1865 786 1953 insanguine,
802 1873 874 1934 site

116 1959 284 2031 Deleetant
297 1942 640 2055 hebetedlassdlietore
655 1989 785 2043 secures

115 2067 233 2147 Ineipit
245 2067 382 2146 ipsorum
397 2074 506 2126 eontra
520 2074 552 2126 te
567 2073 648 2146 stare
662 2075 827 2150 parentum

116 2164 275 2236 Nobilitas
289 2164 462 2243 claramque
476 2163 576 2253 sepem
589 2163 740 2242 praeferre
754 2147 1007 2256 pudendisslltq·

116 2243 221 2344 ande
235 2262 330 2322 animi
344 2261 455 2322 vitium
469 2271 559 2321 tanto
574 2225 768 2353 ponspfsetius
782 2261 814 2322 in
829 2281 861 2324 se
923 2245 926 2250 ⁵
1075 2275 1135 2331 140⁴
1181 2266 1183 2274 ’

69 2382 82 2396 ,
93 2332 243 2424 ’Ὂῑίηιὲη
257 2334 497 2438 albedinem&
505 2335 607 2438 ni'aj'oi
614 2343 793 2446 'bui‘peeeat
807 2345 961 2444 habetur.'

117 2460 190 2533 Quo
204 2458 280 2518 mihi
293 2467 325 2518 te
340 2457 466 2519 solitum
479 2457 570 2519 falsas
585 2456 706 2536 signare
720 2457 850 2516 tabellas

117 2557 157 2620 In
171 2539 297 2636 templis¹
308 2572 386 2636 quae
400 2553 473 2616 feeit
488 2574 563 2615 arus
577 2535 923 2654 statuamgugparentis
934 2541 1022 2640 liae.

117 2658 205 2717 Ante
219 2653 462 2734 triumphalem?
483 2673 545 2733 quo
560 2653 585 2713 si
600 2661 768 2732 nocturnus
783 2652 905 2713 adulter
961 2649 962 2652 ’
1046 2679 1127 2720 gs

117 2753 273 2834 Tempora
288 2727 456 2812 Santonico
471 2730 720 2864 velapadoperta
734 2751 878 2811 ououllo?
1054 2737 1057 2740 ⁵
1076 2763 1123 2810 145

158 2857 288 2934 Praeter
302 2854 454 2936 majorum
469 2823 586 2914 eineres
601 2839 694 2932 atque
710 2851 778 2912 essa
792 2851 910 2913 volueri
922 2895 933 2922 ,⁴

119 2953 145 3016 0
241 2956 275 3014 to
289 2953 408 3032 rapitur
421 2950 545 3032 pinguis
559 2950 739 3024 Lateranus,
755 2958 787 3010 et
800 2949 875 3031 ipse,

117 3050 188 3132 Ipse
203 3061 305 3110 rotam
319 3044 484 3130 adstringit
498 3048 597 3108 multo
611 3047 781 3108 sufflamine
796 3047 931 3122 Oeneu13

117 3149 151 3209 N
145 3159 221 3264 pete
278 3147 369 3226 idem,
384 3146 438 3206 sed
452 3141 525 3205 luna
536 3145 631 3220 videt,
646 3147 700 3206 sed
715 3147 815 3206 sidera
828 3109 932 3207 stlte?
958 3200 970 3220 ,,

117 3169 306 3308 Int‘e'ff‘dllt
328 3263 365 3304 ou
378 3263 420 3304 os.
462 3227 606 3302 Fibituml
617 3251 739 3322 tempus
753 3243 883 3303 honoris
903 3244 936 3282 a*
1076 3254 1123 3302 150

119 3343 224 3415 Quum
237 3340 340 3426 fuerit,
356 3341 437 3401 olera
450 3338 621 3399 Lateranus
636 3338 704 3398 luoe
718 3339 874 3419 flagellum

120 3439 229 3500 Sumet
244 3446 277 3498 et
292 3457 451 3498 occursum
465 3454 621 3515 nunquam
637 3436 805 3515 trepidabit
819 3435 909 3496 amici

119 3535 140 3598 J
141 3556 190 3596 am
204 3533 295 3608 senis,
309 3551 345 3593 ao
359 3521 446 3613 virga
459 3532 543 3613 prior
557 3542 672 3593 annuet
687 3542 779 3613 atque
794 3530 945 3612 maniplos
