2604 4160
492 373 630 426 earnm
652 375 730 423 mv.
1072 361 1113 428 87

104 537 297 620 Exspectare
312 540 405 601 colus.
444 539 586 601 Morieris
600 541 731 602 stamine
745 542 884 602 noudum

104 635 263 716 Abrupto.
303 636 325 697 J
326 656 375 697 am
389 657 471 698 nunc
485 638 589 698 obstas
603 646 636 697 et
650 647 725 698 vota
738 638 875 712 moraris,
1066 653 1115 702 aco

104 733 128 794 J
129 751 180 792 am
195 741 320 812 torquet
335 734 484 813 juvenem
498 734 592 813 longa
606 744 638 795 et
652 733 777 794 cervina
791 743 942 795 senectus,

107 829 205 890 Ocius
218 830 417 908 Archigenen
431 850 543 909 quaere
558 839 651 909 atque
665 849 733 889 eme
748 831 833 909 quod
847 830 1045 896 Mithridates

108 923 302 1002 Composuit,
318 923 344 984 si
357 923 404 984 vis
418 924 509 983 aliem
524 925 688 1002 decerpere
702 923 797 984 ficum

107 1021 215 1098 Atque
230 1019 304 1078 alias
317 1027 450 1079 tractare
464 1039 557 1080 rosas.
597 1019 795 1082 Medicamen
808 1023 985 1084 habendum
1000 1034 1047 1087 est

110 1116 242 1176 Sorbere
257 1123 329 1175 ante
344 1116 447 1176 cibum
461 1116 544 1195 quod
560 1115 673 1178 debeat
687 1125 720 1178 et
732 1129 821 1200 pater
835 1129 867 1181 et
880 1140 943 1180 rex.
1068 1135 1117 1182 aar

149 1212 293 1272 Monstro
307 1212 500 1291 voluptatem
516 1213 673 1293 egregiam
688 1215 738 1276 cni
752 1218 836 1278 nulla
849 1217 978 1291 theatra,

54 1357 57 1362 ,
109 1310 207 1372 Nulla
221 1327 351 1388 aequare
367 1329 460 1388 queas
475 1309 632 1372 Praetoris
646 1313 765 1392 pulpita
779 1313 876 1388 lauti·

111 1409 146 1469 Si
160 1413 281 1486 spectes
296 1413 412 1484 quanto
428 1405 537 1486 capitis
553 1408 727 1471 discrimine
742 1419 887 1472 constent

110 1505 309 1564 Incrementa
325 1503 443 1576 domus,
460 1515 563 1566 aerata
577 1507 691 1566 multus
704 1507 736 1566 in
752 1526 822 1568 arca

110 1603 221 1662 Fiscus
236 1608 268 1660 et
282 1599 322 1658 ad
338 1599 463 1681 vigilem
477 1604 612 1682 ponendi
627 1604 756 1665 Castora
769 1603 896 1678 nummi,
1072 1617 1119 1664 260

110 1700 161 1759 Ex
177 1717 239 1778 quo
253 1697 338 1757 Mars
352 1697 448 1760 Ultor
461 1701 582 1779 galeam
596 1720 717 1780 quoque
731 1701 867 1780 perdidit
881 1709 914 1760 et
927 1719 976 1761 res

110 1798 185 1857 Non
202 1795 306 1874 potuit
321 1814 442 1856 serrare
457 1816 535 1858 suas.
575 1797 659 1878 Ergo
674 1797 777 1858 omnia
790 1797 902 1858 Florae

110 1895 156 1955 Et
172 1893 293 1954 Cereris
307 1889 380 1953 licet
395 1903 427 1954 et
443 1892 574 1972 Cybeles
589 1895 695 1954 aulaea
708 1894 878 1975 relinquas3

111 1992 218 2052 Tanto
233 1990 363 2070 majores
377 1990 512 2050 humana
525 1991 651 2070 negotia
664 1991 738 2051 ludi.

112 2093 167 2151 An
182 2088 281 2168 magis
296 2088 452 2148 oblectant
467 2087 602 2148 animum
618 2088 738 2167 jactata
747 2097 880 2168 petauro
1072 2099 1120 2146 265

113 2189 254 2266 Corpora
269 2185 381 2264 quique
396 2183 475 2244 solet
488 2193 607 2243 rectum
622 2185 806 2245 descendere
820 2183 934 2257 funem,

114 2286 219 2359 Quam
234 2293 269 2344 tu
286 2282 417 2364 Corycia
432 2301 552 2361 semper
566 2281 617 2360 qui
631 2301 734 2362 puppe
749 2280 876 2342 moraris

115 2384 223 2462 Atque
238 2381 366 2456 habitas,
382 2380 463 2442 Coro
479 2398 598 2458 semper
613 2378 767 2438 tollendus
783 2386 815 2436 et
829 2378 955 2452 Austro,

115 2480 263 2540 Perditus
278 2499 314 2540 ac
328 2477 398 2538 vilis
412 2475 491 2536 sacci
506 2483 659 2535 mercator
672 2474 799 2548 olentis3

116 2577 182 2649 Qui
195 2577 312 2656 gaudes
325 2577 441 2656 pingue
457 2573 600 2653 autiquae
615 2570 653 2632 de
668 2573 758 2631 litore
773 2571 884 2631 Cretae
1075 2585 1123 2632 270

117 2675 250 2735 Passum
264 2682 296 2734 et
309 2673 479 2752 municipes
493 2668 514 2732 J
516 2669 582 2731 ovis
598 2668 756 2729 advexisse
771 2667 921 2748 lagenas?

117 2771 181 2830 Hic
195 2781 299 2831 tamen
313 2770 439 2850 ancipiti
454 2769 553 2850 figens
568 2766 700 2846 vestigia
713 2766 821 2845 planta

117 2867 248 2928 Victum
263 2868 321 2931 illa¹
330 2866 469 2926 mercede
483 2876 572 2946 parat
587 2866 788 2943 brumamque
803 2862 975 2940 famemque

118 2964 178 3024 Illa
191 2973 272 3025 reste
288 2971 393 3038 cavet3
415 2972 450 3022 tu
463 2972 591 3042 propter
604 2962 688 3022 mille
703 2960 822 3023 talenta

117 3062 162 3122 Et
177 3073 303 3122 centum
318 3060 405 3119 villas
419 3059 608 3119 temerarius.
648 3058 763 3139 Aspice
778 3066 887 3136 portus
1070 3057 1127 3112 '275

118 3157 163 3218 Et
176 3151 303 3237 plenum
316 3155 437 3234 maguis
452 3154 590 3214 trabibus
604 3173 705 3230 mare3
727 3155 796 3234 plus
817 3150 979 3213 hominum
1000 3154 1048 3209 est
1061 3147 1129 3228 jam

120 3257 157 3314 lu
172 3255 303 3334 pelag03
323 3251 428 3310 veniet
442 3249 545 3310 classis
560 3269 741 3329 quocunque
756 3250 876 3312 vocarit

120 3351 198 3430 Spes
212 3348 298 3422 lucn‘,
312 3365 370 3407 uec
385 3346 586 3425 Carpathium
597 3345 790 3427 Gaetulaque
804 3356 928 3408 tautum

118 3447 269 3526 Aequora
282 3441 442 3514 transiliet,
457 3441 511 3502 sed
526 3443 619 3522 longe
634 3441 729 3521 Calpe
743 3443 851 3503 relicta

120 3541 241 3603 Audiet
255 3538 410 3600 Herculeo
423 3536 606 3598 stridentem
620 3538 742 3617 gurgite
758 3539 863 3610 solem.
1082 3550 1130 3597 280
