2598 4170
513 385 647 436 sartan
675 387 742 434 XII.

117 556 136 617 I
151 573 238 616 nunc
253 562 286 615 et
299 551 401 614 ventis
416 553 551 613 animam
565 537 724 614 committe
738 551 862 614 dolato‘

59 719 62 724 ,
118 652 265 715 Confisus
281 650 375 730 lign‘o,
390 649 496 730 digitis
510 669 529 709 a
543 658 642 710 morte
656 658 793 712 remotus

120 751 266 823 Quatuor
280 757 477 825 aut'septcm,
492 746 516 805 si
531 744 572 808 sit
585 745 734 806 latissima
747 745 848 806 taeda.

119 848 199 908 Mox
213 867 283 906 cum
298 843 435 904 reticulis
450 850 482 902 et
497 861 576 922 pane
591 851 624 902 et
638 849 746 903 ventre
760 841 889 922 lagenae
1098 855 1130 902 60

119 944 236 1024 Aspice
251 941 415 1003 sumendas
430 939 463 998 in
479 947 663 1017 tempestate
679 957 809 999 secures.

121 1042 187 1102 Sed
200 1051 364 1121 postquam
378 1037 478 1119 jacuit
493 1036 621 1116 planum
635 1053 728 1108 mare,
742 1047 883 1117 tempora
895 1046 1061 1118 postquam

120 1138 276 1217 Prospera
289 1135 421 1197 vectoris
435 1134 595 1212 fatumque
610 1131 763 1192 valentius
777 1132 862 1194 Euro

120 1234 164 1294 Et
179 1234 298 1314 pelago,
312 1242 476 1314 postquam
491 1231 608 1291 Parcae
623 1228 751 1288 meliora
765 1229 899 1308 benigna

118 1331 226 1402 Pensa
240 1350 332 1390 mauu
346 1330 465 1390 ducunt
478 1328 591 1388 hilares
606 1335 639 1387 et
655 1325 795 1387 staminis
809 1326 871 1387 albi
1097 1341 1129 1388 tc

119 1427 285 1500 Lanificae,
298 1427 421 1487 modica
435 1445 491 1486 nec
504 1425 638 1485 multum
654 1421 764 1483 sortior
777 1442 852 1483 aura

120 1525 247 1586 Ventus
261 1525 357 1599 adest,
371 1524 456 1603 inopi
470 1522 650 1584 miserabilis
665 1531 732 1582 arte
747 1521 883 1582 cucurrit
915 1553 919 1560 ·

120 1622 272 1683 Vestibus
287 1622 421 1682 extentis
436 1631 476 1696 et,
491 1621 574 1700 quod
590 1628 789 1701 superaverat
805 1638 908 1694 unum,

120 1719 205 1780 Velo
219 1738 310 1798 prora
323 1738 387 1780 suo.
427 1718 448 1780 J
450 1738 499 1778 am
514 1717 729 1778 deficientibus
743 1715 869 1776 Austris

122 1817 203 1897 Spes
216 1817 299 1876 vitae
314 1835 385 1876 oum
399 1817 462 1876 sole
476 1816 574 1876 redit:
597 1823 664 1876 tum
677 1823 785 1894 gratus
800 1812 880 1889 Iulo,

119 1915 228 1994 Atque
242 1913 396 1973 novercali
410 1913 498 1973 sedes
512 1913 649 1992 praelata
663 1911 792 1986 Lavino,

121 2010 320 2091 Conspicitur
334 2009 472 2070 sublimis
486 2029 573 2088 apex,
588 2009 638 2070 oui
651 2009 785 2070 candida
800 2029 914 2072 nomen

121 2107 229 2168 Scrofa
244 2106 339 2181 dedit,
352 2106 442 2166 laetis
455 2106 633 2186 Phrygibus
647 2106 786 2167 mirabile
803 2129 920 2185 sumen,

119 2204 163 2266 Et
177 2223 335 2284 nunquam
348 2203 421 2264 visis
435 2204 563 2283 triginta
577 2204 659 2264 clara
672 2205 825 2266 mamillis.

119 2301 262 2362 Tandem
275 2301 371 2360 intrat
384 2300 501 2380 positas
514 2301 631 2361 inclusa
644 2321 700 2380 per
715 2321 850 2382 aequora
863 2305 960 2366 moles

119 2398 374 2478 Tyrrhenamque
388 2397 512 2456 Pharon
527 2409 728 2477 porrectaque
743 2400 868 2461 brachia
882 2422 1012 2477 rursum,

120 2494 209 2566 Quae
223 2494 334 2574 pelago
349 2503 513 2554 occurrunt
527 2495 629 2556 medio
644 2496 799 2578 longoque
813 2499 992 2578 relinquunt
1017 2492 1021 2502 ’

118 2591 243 2652 Italiam
252 2611 363 2652 -non
378 2591 421 2652 sio
435 2591 530 2672 igitur
543 2593 694 2656 mirabere
708 2607 817 2676 portus

118 2690 206 2762 Quos
219 2700 329 2750 natura
343 2690 541 2750 dedit-sed
555 2701 667 2754 trunca
680 2713 784 2774 puppe
799 2693 946 2775 magister

116 2786 270 2854 Interiora
283 2787 361 2867 petit
375 2786 509 2846 Baianae
526 2791 633 2869 pervia
649 2792 777 2870 cymbae

116 2882 194 2944 Tuti
208 2893 317 2963 stagna
330 2884 422 2959 sinus,
437 2887 577 2965 gaudent
593 2887 646 2948 ubi
661 2889 776 2949 vertice
791 2907 860 2949 raso

116 2979 247 3040 Garrula
260 2980 359 3040 securi
372 3001 496 3043 narrare
512 2984 648 3062 pericula
663 2995 785 3046 nautae.

115 3079 165 3137 Ite
180 3075 282 3156 igitur,
296 3079 390 3156 pueri,
410 3079 523 3159 linguis
538 3081 707 3161 animisque
721 3082 870 3156 faventes,
916 3144 922 3154 ,
993 3131 995 3138 ,

116 3173 266 3252 Sertaque
281 3174 417 3237 delubris
434 3189 465 3239 et
480 3177 560 3237 farra
574 3176 723 3258 imponite
739 3178 845 3238 cultris

115 3269 165 3331 Ac
178 3271 287 3331 molles
303 3284 411 3332 ornate
426 3273 511 3334 focos
526 3274 709 3354 glebamque
724 3274 886 3336 virentem.

113 3367 136 3428 J
137 3387 186 3430 am
200 3389 312 3450 sequar
328 3379 369 3444 et,
385 3389 471 3430 sacro
488 3371 570 3449 quod
585 3380 722 3450 praestat
735 3372 794 3432 rite
808 3379 944 3451 peracto,

114 3465 193 3532 Inde
210 3469 339 3528 domum
354 3475 501 3545 repetam,
515 3467 645 3545 graciles
660 3467 712 3527 ubi
726 3489 822 3548 parva
835 3485 964 3530 coronas

114 3564 288 3646 Accipiunt
303 3561 406 3643 fragili
420 3562 581 3622 simulacra
595 3563 727 3624 nitentia
741 3585 818 3627 cera.
