2598 4170
514 1001 677 1066 SATIRA
703 1001 764 1065 ΙΙΙ.

137 1184 397 1351 QUAMVIS
412 1184 552 1265 digressu
564 1181 679 1242 veteris
693 1142 837 1242 edituis
851 1179 950 1255 amici,
1004 1221 1005 1226 η

250 1283 359 1344 Laudo
373 1291 477 1342 tamen
491 1279 596 1342 vacuis
611 1278 695 1359 quod
709 1279 814 1338 sedem
828 1277 922 1356 figere
938 1275 1044 1340 Cumis

134 1379 284 1440 Destinet
299 1389 391 1458 atque
405 1399 501 1438 unum
514 1377 615 1437 civem
630 1375 745 1436 donare
761 1367 975 1453 Sibyllae&⁴

134 1476 156 1537 J
158 1496 240 1536 anua
253 1475 399 1535 Baiarum
414 1486 461 1536 est
475 1486 507 1536 et
520 1485 643 1554 gratum
657 1472 732 1533 litus
747 1472 868 1532 amoeni

137 1573 291 1633 Secessus.
332 1571 401 1651 Ego
415 1569 668 1652 vel'Prochytam
681 1577 837 1650 praepono
853 1569 1015 1630 Suburrae.
1130 1584 1145 1628 o

137 1669 222 1729 Nam
235 1668 311 1749 quid
325 1677 390 1728 tam
403 1668 556 1742 miserum,
570 1677 636 1728 tam
650 1667 749 1728 solum
763 1665 906 1741 vidimus,
922 1675 958 1725 ut
972 1685 1035 1726 non

138 1765 284 1826 Deterius
298 1765 404 1826 credas
418 1765 540 1824 horrere
555 1764 706 1838 incendia,
720 1765 824 1844 lapsus

137 1861 307 1923 Tectorum
322 1861 459 1922 assiduos
473 1881 508 1921 ac
522 1861 606 1920 mille
620 1861 755 1940 pericula
769 1881 879 1922 saevae

138 1958 234 2020 Urbis
248 1968 281 2020 et
295 1957 439 2038 Augusto
452 1957 618 2018 recitantes
632 1975 736 2018 mense
751 1959 882 2038 poetas?

180 2054 243 2115 Sed
256 2055 332 2114 dum
345 2062 414 2116 tota
427 2054 536 2114 domus
550 2055 645 2114 rheda
659 2056 853 2136 componitur
866 2075 936 2131 una,
1116 2067 1146 2114 10

140 2151 286 2212 Substitit
301 2151 340 2210 ad
354 2159 474 2210 veteres
488 2169 575 2210 arcus
590 2152 806 2232 madidamque
823 2153 988 2232 Capenam.

126 2247 209 2322 ·Hic,
224 2247 276 2308 ubi
289 2257 458 2308 nocturnae
473 2247 578 2306 Numa
592 2248 801 2308 constituebat
816 2250 940 2323 amicae,

140 2344 233 2404 Nunc
248 2339 327 2404 sacri
337 2343 433 2408 ,fontis
448 2363 555 2403 nemus
570 2344 745 2407 et-delubra
759 2347 900 2406 locantur

139 2441 161 2502 J
163 2441 274 2515 udaeis,
289 2460 421 2520 quorum
435 2441 582 2520 cophinus
596 2443 783 2523 foenumque
798 2443 945 2522 supellex.

85 2528 88 2533 ¹
141 2537 249 2598 Omnis
263 2537 345 2597 enim
358 2538 474 2617 populo
488 2540 662 2600 mercedem
676 2540 810 2620 pendere
826 2540 914 2620 jussa
927 2548 975 2600 est
1116 2555 1145 2600 15

140 2634 250 2708 Arbor,
265 2643 297 2694 et
311 2633 417 2713 ejectis
432 2635 586 2695 mendicat
601 2637 679 2698 silva
694 2637 849 2700 Camenis.
1098 2651 1099 2654 ’

68 2764 71 2770 ·
140 2729 179 2790 In
192 2731 304 2793 vallem
317 2731 471 2809 Aegeriae
487 2731 701 2810 descendimus
716 2742 748 2792 et
762 2734 923 2812 speluncas

142 2827 313 2888 Dissimiles
329 2828 417 2888 veris.
460 2828 586 2902 Quanto
600 2830 807 2909 praestantius
822 2840 903 2892 esset

142 2923 266 2983 Numen
280 2943 385 3004 aquae,
399 2923 490 2984 viridi
506 2926 531 2985 si
545 2926 682 3004 margine
697 2926 855 2989 clauderet
869 2928 967 2989 undas

106 3099 111 3107 ¹
142 3019 246 3080 Herba
260 3039 317 3080 nec
329 3020 500 3101 ingenuum
513 3022 665 3081 violarent
678 3041 832 3083 marmora
845 3025 984 3104 tophum.
1113 3040 1144 3085 20

142 3116 201 3177 Hic
214 3125 290 3176 tunc
303 3116 491 3200 Umbricius,
507 3117 639 3190 Quando
655 3120 779 3194 artibus,
793 3120 903 3200 inquit,
917 3121 1054 3181 honestis

142 3213 253 3274 Nullus
267 3213 298 3275 in
312 3215 401 3277 Urbe
415 3216 508 3290 locus,
545 3216 608 3275 ulla
622 3217 831 3277 emolumenta
844 3217 991 3291 laborum,

142 3310 202 3371 Res
216 3311 309 3372 hodie
322 3312 423 3372 minor
437 3322 484 3372 est
498 3313 518 3371 h
606 3333 677 3373 uam
690 3312 757 3388 suit,
772 3323 863 3394 atque
879 3314 988 3373 eadem
1002 3334 1068 3374 cras

142 3407 270 3470 Deteret
285 3409 403 3489 exiguis
417 3408 541 3488 aliquid,
554 3410 753 3489 proponimus
767 3410 841 3471 illuc

142 3503 189 3566 Ire
203 3505 348 3586 fatigatas
362 3504 415 3564 ubi
428 3504 585 3566 Daedalus
599 3505 686 3567 exuit
700 3507 772 3582 alas,
1112 3519 1144 3566 at
