<?xml version="1.0" encoding="UTF-8"?>
<!DOCTYPE html PUBLIC "-//W3C//DTD XHTML 1.0 Transitional//EN"
    "http://www.w3.org/TR/xhtml1/DTD/xhtml1-transitional.dtd">
<html xmlns="http://www.w3.org/1999/xhtml" xml:lang="en" lang="en">
 <head>
  <title>
</title>
<meta http-equiv="Content-Type" content="text/html;charset=utf-8" />
  <meta name='ocr-system' content='tesseract 3.04.00' />
  <meta name='ocr-capabilities' content='ocr_page ocr_carea ocr_par ocr_line ocrx_word'/>
</head>
<body>
  <div class='ocr_page' id='page_1' title='image "./thirteensatires02hartgoog_0109.png"; bbox 0 0 2604 4160; ppageno 0'>
   <div class='ocr_carea' id='block_1_1' title="bbox 493 362 881 416">
    <p class='ocr_par' dir='ltr' id='par_1_1' title="bbox 493 362 881 416">
     <span class='ocr_line' id='line_1_1' title="bbox 493 362 881 416; baseline 0.013 -6"><span class='ocrx_word' id='word_1_1' title='bbox 493 362 530 412; x_wconf 87' lang='lat' dir='ltr'>D.</span> <span class='ocrx_word' id='word_1_2' title='bbox 546 363 651 412; x_wconf 73' lang='lat' dir='ltr'><strong>JUNH</strong></span> <span class='ocrx_word' id='word_1_3' title='bbox 672 364 881 416; x_wconf 74' lang='lat' dir='ltr'>Juvauffls</span> 
     </span>
    </p>
   </div>
   <div class='ocr_carea' id='block_1_2' title="bbox 545 1105 811 1172">
    <p class='ocr_par' dir='ltr' id='par_1_2' title="bbox 545 1105 811 1172">
     <span class='ocr_line' id='line_1_2' title="bbox 545 1105 811 1172; baseline 0.015 -4"><span class='ocrx_word' id='word_1_4' title='bbox 545 1105 710 1170; x_wconf 73' lang='lat' dir='ltr'>SATIRA</span> <span class='ocrx_word' id='word_1_5' title='bbox 736 1107 811 1172; x_wconf 92' lang='lat' dir='ltr'>XV.</span> 
     </span>
    </p>
   </div>
   <div class='ocr_carea' id='block_1_3' title="bbox 171 1297 1185 3606">
    <p class='ocr_par' dir='ltr' id='par_1_3' title="bbox 260 1297 1082 1476">
     <span class='ocr_line' id='line_1_3' title="bbox 260 1297 1030 1384; baseline 0.006 -23"><span class='ocrx_word' id='word_1_6' title='bbox 260 1297 334 1361; x_wconf 86' lang='lat' dir='ltr'>UIS</span> <span class='ocrx_word' id='word_1_7' title='bbox 349 1299 456 1375; x_wconf 87' lang='lat' dir='ltr'>nescit,</span> <span class='ocrx_word' id='word_1_8' title='bbox 470 1299 582 1362; x_wconf 89' lang='lat' dir='ltr'>Volusi</span> <span class='ocrx_word' id='word_1_9' title='bbox 596 1300 771 1382; x_wconf 90' lang='lat' dir='ltr'>Bithynice,</span> <span class='ocrx_word' id='word_1_10' title='bbox 786 1303 889 1384; x_wconf 89' lang='lat' dir='ltr'>qualia</span> <span class='ocrx_word' id='word_1_11' title='bbox 903 1302 1030 1366; x_wconf 87' lang='lat' dir='ltr'>demens</span> 
     </span>
     <span class='ocr_line' id='line_1_4' title="bbox 286 1387 1082 1476; baseline 0.01 -21"><span class='ocrx_word' id='word_1_12' title='bbox 286 1387 451 1476; x_wconf 86' lang='lat' dir='ltr'>Aegyptus</span> <span class='ocrx_word' id='word_1_13' title='bbox 464 1407 609 1476; x_wconf 87' lang='lat' dir='ltr'>portenta</span> <span class='ocrx_word' id='word_1_14' title='bbox 623 1400 728 1461; x_wconf 79' lang='lat' dir='ltr'>colat?</span> <span class='ocrx_word' id='word_1_15' title='bbox 770 1401 956 1461; x_wconf 82' lang='lat' dir='ltr'>Crocodilon</span> <span class='ocrx_word' id='word_1_16' title='bbox 971 1401 1082 1463; x_wconf 82' lang='lat' dir='ltr'>adorat</span> 
     </span>
    </p>

    <p class='ocr_par' dir='ltr' id='par_1_4' title="bbox 171 1493 1185 3606">
     <span class='ocr_line' id='line_1_5' title="bbox 175 1493 972 1576; baseline 0.004 -22"><span class='ocrx_word' id='word_1_17' title='bbox 175 1494 252 1555; x_wconf 88' lang='lat' dir='ltr'>Pars</span> <span class='ocrx_word' id='word_1_18' title='bbox 267 1495 350 1568; x_wconf 90' lang='lat' dir='ltr'>haec,</span> <span class='ocrx_word' id='word_1_19' title='bbox 365 1493 419 1554; x_wconf 88' lang='lat' dir='ltr'>illa</span> <span class='ocrx_word' id='word_1_20' title='bbox 431 1503 526 1574; x_wconf 87' lang='lat' dir='ltr'>pavet</span> <span class='ocrx_word' id='word_1_21' title='bbox 540 1503 677 1556; x_wconf 88' lang='lat' dir='ltr'>saturam</span> <span class='ocrx_word' id='word_1_22' title='bbox 691 1497 884 1576; x_wconf 79' lang='lat' dir='ltr'>serpentibus</span> <span class='ocrx_word' id='word_1_23' title='bbox 898 1497 972 1557; x_wconf 85' lang='lat' dir='ltr'><strong>ibin.</strong></span> 
     </span>
     <span class='ocr_line' id='line_1_6' title="bbox 174 1590 814 1672; baseline 0 -20"><span class='ocrx_word' id='word_1_24' title='bbox 174 1592 301 1672; x_wconf 84' lang='lat' dir='ltr'>Effigies</span> <span class='ocrx_word' id='word_1_25' title='bbox 315 1590 393 1652; x_wconf 90' lang='lat' dir='ltr'>sacri</span> <span class='ocrx_word' id='word_1_26' title='bbox 408 1591 487 1664; x_wconf 84' lang='lat' dir='ltr'>nitet</span> <span class='ocrx_word' id='word_1_27' title='bbox 502 1611 594 1652; x_wconf 87' lang='lat' dir='ltr'>aurea</span> <span class='ocrx_word' id='word_1_28' title='bbox 609 1593 814 1672; x_wconf 87' lang='lat' dir='ltr'>cercopitheci</span> 
     </span>
     <span class='ocr_line' id='line_1_7' title="bbox 174 1688 1071 1768; baseline 0 -20"><span class='ocrx_word' id='word_1_29' title='bbox 174 1689 313 1749; x_wconf 89' lang='lat' dir='ltr'>Dimidio</span> <span class='ocrx_word' id='word_1_30' title='bbox 328 1688 465 1768; x_wconf 82' lang='lat' dir='ltr'>magicae</span> <span class='ocrx_word' id='word_1_31' title='bbox 479 1698 627 1750; x_wconf 86' lang='lat' dir='ltr'>resonant</span> <span class='ocrx_word' id='word_1_32' title='bbox 640 1690 693 1750; x_wconf 92' lang='lat' dir='ltr'>ubi</span> <span class='ocrx_word' id='word_1_33' title='bbox 707 1689 874 1750; x_wconf 84' lang='lat' dir='ltr'>Memnone</span> <span class='ocrx_word' id='word_1_34' title='bbox 889 1688 1023 1750; x_wconf 89' lang='lat' dir='ltr'>chordae</span> <span class='ocrx_word' id='word_1_35' title='bbox 1066 1713 1071 1726; x_wconf 62' lang='lat'>,</span> 
     </span>
     <span class='ocr_line' id='line_1_8' title="bbox 174 1784 989 1866; baseline 0.001 -21"><span class='ocrx_word' id='word_1_36' title='bbox 174 1787 280 1866; x_wconf 80' lang='lat' dir='ltr'><strong>Atque</strong></span> <span class='ocrx_word' id='word_1_37' title='bbox 296 1793 386 1846; x_wconf 87' lang='lat' dir='ltr'>vetus</span> <span class='ocrx_word' id='word_1_38' title='bbox 401 1785 507 1847; x_wconf 86' lang='lat' dir='ltr'>Thebc</span> <span class='ocrx_word' id='word_1_39' title='bbox 523 1796 649 1847; x_wconf 88' lang='lat' dir='ltr'>centum</span> <span class='ocrx_word' id='word_1_40' title='bbox 658 1787 744 1866; x_wconf 89' lang='lat' dir='ltr'>jacet</span> <span class='ocrx_word' id='word_1_41' title='bbox 758 1787 871 1848; x_wconf 89' lang='lat' dir='ltr'>obruta</span> <span class='ocrx_word' id='word_1_42' title='bbox 883 1784 989 1866; x_wconf 80' lang='lat' dir='ltr'>portia.</span> 
     </span>
     <span class='ocr_line' id='line_1_9' title="bbox 174 1882 816 1963; baseline 0.003 -21"><span class='ocrx_word' id='word_1_43' title='bbox 174 1883 243 1943; x_wconf 90' lang='lat' dir='ltr'>Illic</span> <span class='ocrx_word' id='word_1_44' title='bbox 258 1882 386 1956; x_wconf 88' lang='lat' dir='ltr'>aeluros,</span> <span class='ocrx_word' id='word_1_45' title='bbox 401 1883 451 1943; x_wconf 93' lang='lat' dir='ltr'>hic</span> <span class='ocrx_word' id='word_1_46' title='bbox 465 1882 580 1963; x_wconf 90' lang='lat' dir='ltr'>piscem</span> <span class='ocrx_word' id='word_1_47' title='bbox 595 1883 739 1957; x_wconf 86' lang='lat' dir='ltr'>fluminis,</span> <span class='ocrx_word' id='word_1_48' title='bbox 753 1883 816 1944; x_wconf 93' lang='lat' dir='ltr'>illic</span> 
     </span>
     <span class='ocr_line' id='line_1_10' title="bbox 174 1979 991 2060; baseline 0 -20"><span class='ocrx_word' id='word_1_49' title='bbox 174 1980 298 2060; x_wconf 91' lang='lat' dir='ltr'>Oppida</span> <span class='ocrx_word' id='word_1_50' title='bbox 311 1988 380 2041; x_wconf 90' lang='lat' dir='ltr'>tota</span> <span class='ocrx_word' id='word_1_51' title='bbox 394 2000 502 2041; x_wconf 89' lang='lat' dir='ltr'>canem</span> <span class='ocrx_word' id='word_1_52' title='bbox 517 1990 712 2054; x_wconf 88' lang='lat' dir='ltr'>venerantur,</span> <span class='ocrx_word' id='word_1_53' title='bbox 726 2001 818 2041; x_wconf 89' lang='lat' dir='ltr'>nemo</span> <span class='ocrx_word' id='word_1_54' title='bbox 832 1979 974 2041; x_wconf 79' lang='lat' dir='ltr'>Dianam.</span> <span class='ocrx_word' id='word_1_55' title='bbox 990 2037 991 2040; x_wconf 74' lang='grc'>,</span> 
     </span>
     <span class='ocr_line' id='line_1_11' title="bbox 173 2077 1018 2157; baseline -0.002 -20"><span class='ocrx_word' id='word_1_56' title='bbox 173 2077 306 2146; x_wconf 82' lang='lat' dir='ltr'>Porrum</span> <span class='ocrx_word' id='word_1_57' title='bbox 319 2087 352 2137; x_wconf 87' lang='lat' dir='ltr'>ct</span> <span class='ocrx_word' id='word_1_58' title='bbox 367 2097 460 2157; x_wconf 84' lang='lat' dir='ltr'>caepe</span> <span class='ocrx_word' id='word_1_59' title='bbox 474 2077 559 2137; x_wconf 85' lang='lat' dir='ltr'>nefas</span> <span class='ocrx_word' id='word_1_60' title='bbox 573 2077 689 2138; x_wconf 87' lang='lat' dir='ltr'>violare</span> <span class='ocrx_word' id='word_1_61' title='bbox 704 2087 737 2138; x_wconf 90' lang='lat' dir='ltr'>et</span> <span class='ocrx_word' id='word_1_62' title='bbox 751 2077 891 2156; x_wconf 85' lang='lat' dir='ltr'>frangere</span> <span class='ocrx_word' id='word_1_63' title='bbox 905 2096 1018 2138; x_wconf 89' lang='lat' dir='ltr'>morsu.</span> 
     </span>
     <span class='ocr_line' id='line_1_12' title="bbox 174 2171 1027 2254; baseline -0.002 -20"><span class='ocrx_word' id='word_1_64' title='bbox 174 2175 202 2234; x_wconf 92' lang='grc' dir='ltr'>Ο</span> <span class='ocrx_word' id='word_1_65' title='bbox 218 2183 338 2236; x_wconf 87' lang='lat' dir='ltr'>sanctas</span> <span class='ocrx_word' id='word_1_66' title='bbox 351 2185 470 2254; x_wconf 86' lang='lat' dir='ltr'>gentes,</span> <span class='ocrx_word' id='word_1_67' title='bbox 485 2173 596 2253; x_wconf 91' lang='lat' dir='ltr'>quibus</span> <span class='ocrx_word' id='word_1_68' title='bbox 610 2174 687 2234; x_wconf 88' lang='lat' dir='ltr'>haec</span> <span class='ocrx_word' id='word_1_69' title='bbox 701 2185 870 2235; x_wconf 89' lang='lat' dir='ltr'>nascuntur</span> <span class='ocrx_word' id='word_1_70' title='bbox 883 2174 915 2234; x_wconf 94' lang='lat' dir='ltr'>in</span> <span class='ocrx_word' id='word_1_71' title='bbox 929 2171 1027 2234; x_wconf 88' lang='lat' dir='ltr'>hortis</span> 
     </span>
     <span class='ocr_line' id='line_1_13' title="bbox 173 2269 958 2332; baseline -0.001 -1"><span class='ocrx_word' id='word_1_72' title='bbox 173 2271 328 2331; x_wconf 79' lang='lat' dir='ltr'>Numina!</span> <span class='ocrx_word' id='word_1_73' title='bbox 370 2270 496 2332; x_wconf 88' lang='lat' dir='ltr'>Lanatis</span> <span class='ocrx_word' id='word_1_74' title='bbox 511 2270 695 2330; x_wconf 81' lang='lat' dir='ltr'>animalibus</span> <span class='ocrx_word' id='word_1_75' title='bbox 710 2271 844 2330; x_wconf 85' lang='lat' dir='ltr'>abstinet</span> <span class='ocrx_word' id='word_1_76' title='bbox 858 2269 958 2330; x_wconf 89' lang='lat' dir='ltr'>omnis</span> 
     </span>
     <span class='ocr_line' id='line_1_14' title="bbox 172 2366 904 2447; baseline -0.004 -19"><span class='ocrx_word' id='word_1_77' title='bbox 172 2368 291 2443; x_wconf 86' lang='lat' dir='ltr'>Mensa,</span> <span class='ocrx_word' id='word_1_78' title='bbox 306 2369 391 2429; x_wconf 88' lang='lat' dir='ltr'>nefas</span> <span class='ocrx_word' id='word_1_79' title='bbox 405 2368 468 2428; x_wconf 90' lang='lat' dir='ltr'>illic</span> <span class='ocrx_word' id='word_1_80' title='bbox 481 2368 579 2428; x_wconf 79' lang='lat' dir='ltr'>fetum</span> <span class='ocrx_word' id='word_1_81' title='bbox 590 2366 735 2447; x_wconf 86' lang='lat' dir='ltr'>jugulare</span> <span class='ocrx_word' id='word_1_82' title='bbox 751 2367 904 2446; x_wconf 85' lang='lat' dir='ltr'>capellae3</span> 
     </span>
     <span class='ocr_line' id='line_1_15' title="bbox 174 2463 976 2542; baseline -0.006 -15"><span class='ocrx_word' id='word_1_83' title='bbox 174 2464 325 2527; x_wconf 88' lang='lat' dir='ltr'>Carnibus</span> <span class='ocrx_word' id='word_1_84' title='bbox 339 2463 481 2525; x_wconf 89' lang='lat' dir='ltr'>humanis</span> <span class='ocrx_word' id='word_1_85' title='bbox 497 2464 580 2524; x_wconf 85' lang='lat' dir='ltr'>vesci</span> <span class='ocrx_word' id='word_1_86' title='bbox 595 2464 676 2524; x_wconf 86' lang='lat' dir='ltr'>licet.</span> <span class='ocrx_word' id='word_1_87' title='bbox 719 2463 866 2523; x_wconf 89' lang='lat' dir='ltr'>Attonito</span> <span class='ocrx_word' id='word_1_88' title='bbox 882 2482 976 2542; x_wconf 88' lang='lat' dir='ltr'>quum</span> 
     </span>
     <span class='ocr_line' id='line_1_16' title="bbox 172 2559 909 2641; baseline 0 -21"><span class='ocrx_word' id='word_1_89' title='bbox 172 2561 249 2620; x_wconf 83' lang='lat' dir='ltr'>Tale</span> <span class='ocrx_word' id='word_1_90' title='bbox 263 2580 355 2641; x_wconf 88' lang='lat' dir='ltr'>super</span> <span class='ocrx_word' id='word_1_91' title='bbox 369 2580 498 2621; x_wconf 90' lang='lat' dir='ltr'>coenam</span> <span class='ocrx_word' id='word_1_92' title='bbox 512 2561 629 2621; x_wconf 88' lang='lat' dir='ltr'>facinus</span> <span class='ocrx_word' id='word_1_93' title='bbox 644 2568 783 2620; x_wconf 83' lang='lat' dir='ltr'>narraret</span> <span class='ocrx_word' id='word_1_94' title='bbox 798 2559 909 2621; x_wconf 87' lang='lat' dir='ltr'>Ulixes</span> 
     </span>
     <span class='ocr_line' id='line_1_17' title="bbox 172 2656 944 2736; baseline 0 -20"><span class='ocrx_word' id='word_1_95' title='bbox 172 2657 314 2732; x_wconf 79' lang='lat' dir='ltr'>Alcinoo,</span> <span class='ocrx_word' id='word_1_96' title='bbox 330 2659 424 2718; x_wconf 89' lang='lat' dir='ltr'>bilem</span> <span class='ocrx_word' id='word_1_97' title='bbox 439 2667 493 2718; x_wconf 88' lang='lat' dir='ltr'>aut</span> <span class='ocrx_word' id='word_1_98' title='bbox 507 2658 602 2719; x_wconf 89' lang='lat' dir='ltr'>risum</span> <span class='ocrx_word' id='word_1_99' title='bbox 616 2658 746 2718; x_wconf 84' lang='lat' dir='ltr'>fortasse</span> <span class='ocrx_word' id='word_1_100' title='bbox 761 2656 944 2736; x_wconf 90' lang='lat' dir='ltr'>quibusdam</span> 
     </span>
     <span class='ocr_line' id='line_1_18' title="bbox 172 2752 1022 2833; baseline -0.001 -20"><span class='ocrx_word' id='word_1_101' title='bbox 172 2753 315 2814; x_wconf 78' lang='lat' dir='ltr'>Moverat</span> <span class='ocrx_word' id='word_1_102' title='bbox 330 2764 365 2816; x_wconf 92' lang='lat' dir='ltr'>ut</span> <span class='ocrx_word' id='word_1_103' title='bbox 380 2754 515 2814; x_wconf 83' lang='lat' dir='ltr'>mendax</span> <span class='ocrx_word' id='word_1_104' title='bbox 530 2756 713 2833; x_wconf 86' lang='lat' dir='ltr'>aretalogus.</span> <span class='ocrx_word' id='word_1_105' title='bbox 755 2752 818 2812; x_wconf 84' lang='lat' dir='ltr'>“Iu</span> <span class='ocrx_word' id='word_1_106' title='bbox 833 2771 916 2812; x_wconf 89' lang='lat' dir='ltr'>marc</span> <span class='ocrx_word' id='word_1_107' title='bbox 931 2771 1022 2812; x_wconf 89' lang='lat' dir='ltr'>nemo</span> 
     </span>
     <span class='ocr_line' id='line_1_19' title="bbox 172 2848 965 2930; baseline -0.004 -20"><span class='ocrx_word' id='word_1_108' title='bbox 172 2851 266 2911; x_wconf 88' lang='lat' dir='ltr'>Hunc</span> <span class='ocrx_word' id='word_1_109' title='bbox 281 2851 383 2925; x_wconf 85' lang='lat' dir='ltr'>abicit,</span> <span class='ocrx_word' id='word_1_110' title='bbox 399 2871 492 2912; x_wconf 86' lang='lat' dir='ltr'>saeva</span> <span class='ocrx_word' id='word_1_111' title='bbox 505 2851 635 2930; x_wconf 89' lang='lat' dir='ltr'>dignum</span> <span class='ocrx_word' id='word_1_112' title='bbox 649 2869 783 2930; x_wconf 86' lang='lat' dir='ltr'>veraque</span> <span class='ocrx_word' id='word_1_113' title='bbox 798 2848 965 2928; x_wconf 79' lang='lat' dir='ltr'>Charybdi,</span> 
     </span>
     <span class='ocr_line' id='line_1_20' title="bbox 172 2945 1064 3028; baseline 0 -23"><span class='ocrx_word' id='word_1_114' title='bbox 172 2947 359 3028; x_wconf 83' lang='lat' dir='ltr'>Fingentem</span> <span class='ocrx_word' id='word_1_115' title='bbox 374 2949 524 3009; x_wconf 85' lang='lat' dir='ltr'>immanes</span> <span class='ocrx_word' id='word_1_116' title='bbox 538 2947 765 3026; x_wconf 87' lang='lat' dir='ltr'>Laestrygonas</span> <span class='ocrx_word' id='word_1_117' title='bbox 781 2955 874 3025; x_wconf 87' lang='lat' dir='ltr'>atquc</span> <span class='ocrx_word' id='word_1_118' title='bbox 889 2945 1064 3025; x_wconf 76' lang='lat' dir='ltr'>Cyclopas?</span> 
     </span>
     <span class='ocr_line' id='line_1_21' title="bbox 171 3044 895 3125; baseline -0.001 -21"><span class='ocrx_word' id='word_1_119' title='bbox 171 3044 204 3104; x_wconf 89' lang='lat' dir='ltr'>N</span> <span class='ocrx_word' id='word_1_120' title='bbox 206 3065 256 3104; x_wconf 87' lang='lat' dir='ltr'>am</span> <span class='ocrx_word' id='word_1_121' title='bbox 271 3045 361 3106; x_wconf 88' lang='lat' dir='ltr'>citius</span> <span class='ocrx_word' id='word_1_122' title='bbox 377 3045 514 3125; x_wconf 88' lang='lat' dir='ltr'>Scyllam</span> <span class='ocrx_word' id='word_1_123' title='bbox 527 3047 578 3105; x_wconf 89' lang='lat' dir='ltr'>vel</span> <span class='ocrx_word' id='word_1_124' title='bbox 592 3044 806 3106; x_wconf 88' lang='lat' dir='ltr'>concurrentia</span> <span class='ocrx_word' id='word_1_125' title='bbox 820 3062 895 3104; x_wconf 85' lang='lat' dir='ltr'>saxa</span> 
     </span>
     <span class='ocr_line' id='line_1_22' title="bbox 172 3140 1185 3222; baseline -0.001 -18"><span class='ocrx_word' id='word_1_126' title='bbox 172 3141 306 3220; x_wconf 81' lang='lat' dir='ltr'>Cyanes,</span> <span class='ocrx_word' id='word_1_127' title='bbox 321 3144 429 3222; x_wconf 85' lang='lat' dir='ltr'>plenos</span> <span class='ocrx_word' id='word_1_128' title='bbox 445 3152 476 3202; x_wconf 87' lang='lat' dir='ltr'>et</span> <span class='ocrx_word' id='word_1_129' title='bbox 491 3140 728 3221; x_wconf 87' lang='lat' dir='ltr'>tempestatibus</span> <span class='ocrx_word' id='word_1_130' title='bbox 742 3150 827 3201; x_wconf 89' lang='lat' dir='ltr'>utres</span> <span class='ocrx_word' id='word_1_131' title='bbox 1149 3155 1185 3203; x_wconf 83' lang='lat'>20</span> 
     </span>
     <span class='ocr_line' id='line_1_23' title="bbox 173 3235 997 3317; baseline -0.002 -19"><span class='ocrx_word' id='word_1_132' title='bbox 173 3238 372 3313; x_wconf 88' lang='lat' dir='ltr'>Crediderim,</span> <span class='ocrx_word' id='word_1_133' title='bbox 388 3249 441 3300; x_wconf 91' lang='lat' dir='ltr'>aut</span> <span class='ocrx_word' id='word_1_134' title='bbox 455 3238 543 3298; x_wconf 88' lang='lat' dir='ltr'>tenui</span> <span class='ocrx_word' id='word_1_135' title='bbox 557 3257 737 3317; x_wconf 89' lang='lat' dir='ltr'>percussum</span> <span class='ocrx_word' id='word_1_136' title='bbox 751 3237 878 3298; x_wconf 88' lang='lat' dir='ltr'>verbere</span> <span class='ocrx_word' id='word_1_137' title='bbox 893 3235 997 3297; x_wconf 87' lang='lat' dir='ltr'>Circes</span> 
     </span>
     <span class='ocr_line' id='line_1_24' title="bbox 172 3333 950 3414; baseline 0 -21"><span class='ocrx_word' id='word_1_138' title='bbox 172 3333 215 3394; x_wconf 82' lang='lat' dir='ltr'>Et</span> <span class='ocrx_word' id='word_1_139' title='bbox 228 3355 300 3395; x_wconf 92' lang='lat' dir='ltr'>cum</span> <span class='ocrx_word' id='word_1_140' title='bbox 313 3334 481 3414; x_wconf 83' lang='lat' dir='ltr'>remigibus</span> <span class='ocrx_word' id='word_1_141' title='bbox 494 3333 656 3414; x_wconf 84' lang='lat' dir='ltr'>grunnisse</span> <span class='ocrx_word' id='word_1_142' title='bbox 671 3333 828 3414; x_wconf 85' lang='lat' dir='ltr'>Elpenora</span> <span class='ocrx_word' id='word_1_143' title='bbox 840 3333 950 3413; x_wconf 87' lang='lat' dir='ltr'>porcis.</span> 
     </span>
     <span class='ocr_line' id='line_1_25' title="bbox 172 3428 984 3510; baseline -0.001 -20"><span class='ocrx_word' id='word_1_144' title='bbox 172 3430 251 3491; x_wconf 88' lang='lat' dir='ltr'>Tam</span> <span class='ocrx_word' id='word_1_145' title='bbox 266 3431 356 3490; x_wconf 86' lang='lat' dir='ltr'>vacui</span> <span class='ocrx_word' id='word_1_146' title='bbox 371 3429 480 3508; x_wconf 85' lang='lat' dir='ltr'>capitis</span> <span class='ocrx_word' id='word_1_147' title='bbox 493 3430 643 3508; x_wconf 91' lang='lat' dir='ltr'>populum</span> <span class='ocrx_word' id='word_1_148' title='bbox 657 3429 800 3490; x_wconf 87' lang='lat' dir='ltr'>Phaeaca</span> <span class='ocrx_word' id='word_1_149' title='bbox 814 3428 984 3510; x_wconf 85' lang='lat' dir='ltr'>putavit?’&#39;</span> 
     </span>
     <span class='ocr_line' id='line_1_26' title="bbox 173 3521 1034 3606; baseline 0 -22"><span class='ocrx_word' id='word_1_150' title='bbox 173 3525 225 3585; x_wconf 86' lang='lat' dir='ltr'>Sic</span> <span class='ocrx_word' id='word_1_151' title='bbox 239 3526 349 3604; x_wconf 88' lang='lat' dir='ltr'>aliquis</span> <span class='ocrx_word' id='word_1_152' title='bbox 363 3525 474 3586; x_wconf 88' lang='lat' dir='ltr'>merito</span> <span class='ocrx_word' id='word_1_153' title='bbox 487 3524 627 3584; x_wconf 90' lang='lat' dir='ltr'>nondum</span> <span class='ocrx_word' id='word_1_154' title='bbox 642 3521 745 3586; x_wconf 79' lang='lat' dir='ltr'>ebrius</span> <span class='ocrx_word' id='word_1_155' title='bbox 759 3536 791 3586; x_wconf 85' lang='lat' dir='ltr'>et</span> <span class='ocrx_word' id='word_1_156' title='bbox 804 3526 967 3586; x_wconf 90' lang='lat' dir='ltr'>minimum</span> <span class='ocrx_word' id='word_1_157' title='bbox 981 3524 1034 3606; x_wconf 92' lang='lat' dir='ltr'>qui</span> 
     </span>
    </p>
   </div>
   <div class='ocr_carea' id='block_1_4' title="bbox 0 0 1306 4160">
    <p class='ocr_par' dir='ltr' id='par_1_5' title="bbox 0 0 1306 4160">
     <span class='ocr_line' id='line_1_27' title="bbox 0 0 1306 4160; baseline 0 0"><span class='ocrx_word' id='word_1_158' title='bbox 0 0 1306 4160; x_wconf 95' lang='lat' dir='ltr'> </span> 
     </span>
    </p>
   </div>
  </div>
 </body>
</html>
