2598 4170
306 915 367 1036 n..
397 915 557 994 turm
607 910 932 996 mrvsnffls
1076 887 1085 894 ’

407 1143 821 1245 sarrana
885 1089 1004 1118 ”

537 1393 687 1405 ——-—-

506 1544 669 1606 SATIRA
696 1543 722 1605 I.

170 1704 322 1768 EMPER
336 1724 395 1786 ego
409 1704 531 1766 auditor
545 1705 691 1766 tantum?
711 1721 910 1784 nunquamne
923 1720 1072 1782 reponam

189 1803 331 1864 Vexatus
345 1803 439 1863 toties
452 1801 537 1863 rauci
549 1801 703 1862 Theseide
719 1801 814 1865 Codri
823 1785 1002 1891 ideam

109 1899 242 1980 Impune
257 1919 330 1979 ergo
344 1899 420 1958 mihi
433 1898 609 1960 recitaverit
623 1899 674 1958 ille
688 1898 874 1978 togatas?
934 1887 956 1906 ¹⁴
971 1898 975 1906 ’

53 2001 56 2005 ’
110 1995 173 2055 Hic
187 1996 314 2090 elegop?
335 1995 459 2074 impune
474 1994 556 2054 diem
570 1995 793 2074 consumpserit
807 1995 917 2075 ingens

88 2074 276 2171 ''Telephud
291 2101 344 2152 aut
359 2091 470 2152 summi
483 2092 574 2170 plena
582 2092 650 2199 [pam
664 2093 906 2183 marginelibri¹
1101 2105 1117 2151 t

110 2189 253 2269 Scriptus
267 2187 344 2248 etin
359 2199 456 2268 tergo,
471 2201 533 2249 nec*
542 2185 617 2248 cnm
630 2169 912 2263 finitus,'¹0restes?

109 2285 199 2345 Nota
211 2285 309 2365 magis
323 2285 400 2344 nulli
414 2285 523 2345 domus
537 2293 584 2345 est
595 2305 650 2347 sua
664 2305 757 2366 quam
770 2286 847 2346 mihi
860 2286 948 2346 lucus

109 2381 230 2456 Martis,
245 2389 277 2442 et
292 2381 410 2441 Aeoliis
423 2381 559 2441 vicinum
573 2382 700 2462 rupibus
715 2391 838 2442 antrum

110 2478 254 2541 Vulcani.
296 2477 379 2550 Quid
394 2487 488 2557 agant
501 2478 597 2553 venti,
611 2498 687 2558 quas
701 2473 844 2558 torqdeat
858 2476 981 2538 umbras

109 2575 243 2650 Aeacus,
258 2575 340 2635 unde
355 2573 432 2635 alius
445 2575 577 2635 furtivae
592 2576 726 2654 deuehat
741 2558 859 2656 aurum,
1085 2586 1116 2635 10

110 2671 286 2746 Pelliculae‚
301 2680 431 2752 quantas
439 2673 593 2751 jaculetur
605 2673 780 2753 Monychus
795 2693 893 2747 ornos,

109 2768 278 2830 Frontonis
292 2769 409 2849 platani
424 2770 631 2849 convulsaque
646 2791 797 2832 marmora
811 2773 945 2832 clamant

110 2865 240 2946 Semper
254 2875 286 2927 et
301 2855 545 2944 assidrffirptae
559 2867 675 2928 lectore
690 2858 872 2929 columnae'

109 2962 280 3042 Exspectes
294 2962 403 3022 eadem
418 2981 435 3022 a
449 2983 569 3023 summo
583 2965 771 3067 minimoque
785 2975 886 3044 poeta.

109 3058 152 3119 Et
167 3078 223 3118 uos
238 3077 312 3138 ergo
325 3077 451 3118 manum
465 3060 583 3120 i'erulae'
594 3037 805 3146 sulidulrlsmlls,
820 3070 853 3121 et
866 3081 922 3122 nos
1085 3073 1116 3120 15

18 3185 30 3200 ν
110 3155 282 3216 Consilium
296 3155 438 3216 dedimus
454 3156 558 3217 Sullae
572 3157 711 3237 privatus
725 3167 761 3218 ut
776 3159 873 3218 altum

109 3249 278 3310 Dormirct.
320 3250 424 3311 Stulta
438 3260 486 3312 est
499 3253 670 3327 clementia,
686 3273 780 3332 quum
794 3261 842 3312 tct
856 3250 970 3330 ubique

109 3345 245 3407 Vatibus
258 3366 409 3422 occurras,
422 3347 575 3430 periturae
589 3353 714 3428 parcere
729 3350 862 3409 chartae.

150 3442 215 3503 Cur
228 3451 332 3503 tamen
346 3444 407 3504 hcc
419 3446 524 3524 potius
537 3445 633 3506 libeat
647 3446 807 3505 decurrere
822 3463 931 3523 campo

109 3536 172 3598 Per
185 3558 279 3618 quem
291 3559 423 3620 magnus
437 3559 533 3619 equos
547 3540 712 3601 Auruncae
725 3541 812 3601 flexit
826 3541 976 3631 alumnus,
1083 3552 1115 3600 20

111 3633 145 3696 Si
158 3643 251 3696 vacat
265 3644 296 3697 et
310 3635 424 3718 placidi
438 3637 590 3698 rationem
604 3637 778 3712 admittitis,
792 3637 892 3698 edam.
919 3666 924 3678 ·

606 3749 620 3798 1
677 3747 682 3763 .
903 3741 910 3757 ,
