2598 4170
542 1051 705 1115 SATIRA
731 1052 775 1115 V.-

212 1228 229 1289 Ι
243 1237 276 1290 te
289 1229 439 1310 propositi
452 1215 591 1291 nondum
605 1231 704 1310 pudet
718 1240 811 1310 atque
826 1229 935 1290 eedem
949 1235 996 1289 est
1009 1245 1105 1302 mens,

241 1326 290 1388 Ut
303 1328 385 1387 bona
399 1347 518 1388 summa
531 1335 622 1406 putes
637 1327 736 1387 aliena
750 1327 854 1387 vivere
889 1325 1002 1401 uadre3

155 1423 189 1484 Si
203 1432 292 1503 potes
305 1424 358 1484 illa
372 1425 446 1504 pati,
462 1443 540 1503 quae
555 1443 613 1484 nec
629 1423 809 1485 Sarmentus
822 1347 942 1504 irgine

155 1519 294 1580 Caesaris
309 1520 493 1594 admensus,
508 1540 566 1580 nee
579 1519 650 1580 vilis
665 1521 765 1580 Galba
778 1521 909 1595 tulisset,

153 1615 306 1687 Quamvis
321 1616 427 1700 jurato
441 1625 579 1677 metuam
593 1615 652 1676 tibi
666 1616 790 1677 eredere
804 1618 887 1696 testi.

152 1712 274 1772 Ventre
288 1713 365 1772 nihil
379 1713 452 1773 nevi
466 1713 623 1793 frugalius.
665 1713 736 1774 Hoe
749 1721 854 1773 tamen
868 1714 968 1792 ipsum
1010 1726 1019 1746 “

153 1809 311 1870 Defeeisse
325 1818 402 1890 puta
416 1810 499 1889 quod
513 1810 599 1870 inani
613 1809 724 1870 suffieit
738 1811 808 1871 alvo
822 1831 829 1871 ε

152 1905 251 1966 Nulla
265 1905 390 1985 crepido
404 1906 518 1966 vacet?
539 1926 691 1986 nusquam
705 1926 784 1988 pons
798 1916 831 1968 et
843 1877 956 1988 tb'ffebis
969 1927 1039 1988 pars

152 2002 292 2063 Dimidia
304 2001 452 2064 breviore
472 2003 592 2063 tantine
606 2003 718 2083 injuria
726 1971 872 2065 tbtraer

153 2099 234 2159 Tem
245 2099 354 2179 jejuna
366 2090 840 2191 famesffis‘ssfmffpjhonestius
854 2101 917 2162 illie
1128 2114 1159 2160 10

152 2195 197 2256 Et
211 2204 342 2256 tremere
358 2204 390 2256 et
404 2195 511 2256 sordes
524 2195 612 2256 ferris
627 2197 767 2258 mordere
775 2169 906 2272 difflui?

194 2291 300 2352 Primo
313 2291 375 2372 fige
389 2261 566 2372 locoffluiiii
572 2271 615 2352 iu
630 2293 822 2354 discumbere
838 2295 943 2373 jussus

152 2389 332 2449 Mercedem
346 2384 477 2468 solidum
490 2398 633 2450 veterum
647 2390 729 2470 cepis
744 2391 921 2452 officiorum.

153 2484 288 2546 Fructus
302 2485 455 2546 amicitiae
470 2506 600 2566 magnae
615 2487 718 2547 cibus:
739 2455 874 2573 iiiiiiiitat
887 2489 969 2549 hune
982 2508 1045 2563 rex,

152 2583 197 2644 Et
212 2584 351 2664 quamvis
365 2603 468 2642 rarum
483 2593 589 2644 temen
603 2584 745 2663 imputat.
786 2585 871 2664 Ergo
886 2584 964 2646 duos
977 2593 1048 2666 poet
1126 2601 1157 2646 15

155 2681 190 2741 Si
203 2680 294 2742 libuit
308 2700 429 2740 meuses
444 2681 622 2761 neglectum
636 2681 781 2741 adhibere
796 2682 950 2758 clientem,

153 2777 260 2838 Tertia
273 2798 312 2839 ne
327 2797 424 2838 vaeuo
435 2753 698 2839 'eesstffluleite
711 2778 802 2853 lecte,

154 2883 172 2913 “
182 2879 253 2939 Una
267 2875 386 2951 simus‚”
403 2877 456 2937 ait.
498 2875 653 2937 Votorum
667 2895 803 2935 summa:
825 2876 899 2956 quid
914 2877 994 2936 ultra

153 2973 308 3046 Quaeris?
348 2974 454 3036 Habet
468 2973 599 3034 Trebius
615 2963 843 3052 propterquod
859 2992 1000 3053 rumpere
1017 2993 1157 3034 somnum

152 3068 276 3131 Debeat
291 3081 323 3132 et
337 3072 447 3152 ligulas
463 3071 617 3130 dimittere
632 3069 780 3130 sollicitus
794 3089 834 3130 ne
1126 3085 1157 3133 20

153 3166 236 3227 Tota
249 3169 363 3229 salutat
380 3168 411 3228 ‘x
422 3169 489 3249 jam
503 3167 594 3228 turba
607 3167 761 3247 peregerit
775 3166 881 3228 orbem

154 3264 188 3324 Si
212 3265 314 3325 eribus
329 3190 440 3340 diiii·
452 3274 506 3326 eut
519 3265 572 3326 illo
587 3274 801 3344 temporeque
816 3283 848 3323 se

153 3359 206 3420 Fu
262 3363 283 3420 ‘a
297 3361 510 3442 circumagunt
523 3362 603 3442 pigri
618 3379 737 3422 sarraca
750 3357 879 3420 Bootae.

154 3456 263 3529 Qualis
278 3477 373 3518 coena
386 3459 516 3518 temen?
557 3457 676 3518 Vinum
691 3456 774 3536 quod
789 3457 897 3516 sucida
910 3456 988 3518 nolit

154 3551 241 3615 Lana
253 3554 335 3635 peti:
356 3555 395 3614 de
410 3554 541 3616 conviva
556 3553 735 3636 Corybante
748 3553 877 3615 videbis.
1126 3569 1157 3615 25
