2604 4160
493 411 631 459 SATIRA
653 411 731 459 XIV.

128 575 280 655 Pauperis
295 596 361 637 esse
374 586 485 657 putat3
501 577 634 656 juvenes
647 578 789 639 hortatur
802 587 838 638 ut
851 577 935 638 illam

127 671 179 732 Ire
195 673 278 732 viam
291 684 423 754 pergant
438 684 470 733 et
484 674 585 734 eidem
598 674 775 736 incumbere
790 685 901 735 sectae.

129 770 211 830 Sunt
226 771 377 849 quaedam
392 771 539 831 vitiorum
553 771 723 845 elementa;
743 770 790 830 his
804 772 945 850 protinus
959 773 1028 834 illos

127 865 247 926 Imbuit
261 877 293 926 et
307 865 392 946 cogit
405 866 548 926 minimas
563 867 697 927 ediscere
711 855 834 943 sordes;
902 869 904 874 ’

126 963 205 1023 Mox
220 963 398 1041 acquirendi
413 962 505 1024 docet
518 963 691 1024 insatiabile
705 973 823 1024 votum.
1088 981 1134 1028 125

129 1059 298 1119 Servorum
312 1068 437 1120 ventres
451 1061 556 1120 modio
571 1059 702 1139 castigat
715 1060 821 1139 iniquo

127 1153 199 1234 lpse
214 1176 336 1235 quoque
351 1157 504 1232 esuriens3
524 1176 623 1235 neque
638 1157 720 1216 enim
735 1157 839 1217 omnia
853 1158 983 1219 sustinet
998 1178 1133 1242 unquam

126 1251 256 1311 Mucida
270 1253 402 1312 caerulei
416 1253 504 1331 panis
518 1272 697 1314 consumere
707 1254 818 1327 frusta,

127 1347 319 1409 Hesternum
333 1349 442 1410 solitus
456 1349 560 1410 medio
575 1369 695 1410 servare
710 1349 842 1411 minutal

128 1445 313 1525 Septembri,
328 1465 385 1506 nec
399 1467 460 1508 non
476 1447 597 1507 differre
611 1447 643 1507 in
657 1457 797 1527 tempora
811 1467 925 1510 coenae
1088 1464 1133 1510 130

126 1543 266 1604 Alterius
277 1545 425 1604 conchem
441 1544 589 1604 aestivam
603 1565 673 1606 curn
687 1555 775 1624 parte
789 1546 895 1606 lacerti

128 1641 289 1720 Signatam
304 1641 356 1700 vel
370 1640 497 1701 dimidio
512 1642 772 1722 putriquesilum,

126 1739 257 1818 Filaque
271 1739 380 1799 sectivi
394 1747 555 1798 numerata
568 1738 726 1799 includere
740 1741 831 1820 porri.

125 1836 284 1896 Invitatus
299 1836 429 1896 adhaec
444 1835 553 1915 aliquis
568 1835 607 1896 de
622 1846 717 1916 ponte
731 1838 866 1918 negabit.

127 1935 191 1995 Sed
205 1955 266 2015 quo
282 1934 406 1995 divitias
420 1935 497 1995 haec
510 1954 565 2015 per
578 1942 735 1995 tormenta
748 1943 878 2010 coactas,
1086 1950 1133 1998 133

126 2033 233 2105 Quum
246 2033 331 2092 furor
345 2027 429 2114 haud
442 2032 563 2107 dubius,
577 2052 671 2111 quum
686 2031 726 2093 sit
740 2032 902 2093 manifesta
915 2033 1081 2114 phrenesis,

125 2129 175 2191 Ut
188 2131 326 2210 locuples
340 2129 478 2190 moriaris
494 2130 613 2209 egentis
630 2129 732 2189 vivere
746 2129 834 2189 fato?

125 2226 250 2287 Interea
263 2228 356 2307 pleno
371 2248 467 2307 quum
480 2235 586 2306 turget
601 2225 738 2287 sacculus
753 2246 815 2300 ore,

126 2325 247 2385 Crescit
261 2344 347 2384 amor
360 2324 480 2384 nummi
494 2335 644 2402 quantum
658 2323 725 2402 ipsa
738 2322 867 2402 pecunia
882 2323 996 2398 crevit;

12 2451 15 2460 =
125 2422 378 2482 Etminushanc
393 2430 481 2502 optat
496 2421 547 2501 qui
562 2422 740 2481 nonhabet.
781 2419 865 2500 Ergo
880 2429 1006 2500 paratur
1085 2436 1131 2482 140

125 2519 237 2578 Altera
251 2519 325 2578 villa
339 2518 396 2578 tibi
411 2538 507 2596 quum
520 2538 571 2578 rus
586 2538 647 2590 non
663 2516 774 2578 sufficit
788 2537 893 2592 unum,

125 2615 170 2675 Et
183 2615 318 2695 proferre
333 2616 409 2676 libet
423 2615 508 2688 fines,
523 2617 679 2695 majorque
695 2614 819 2674 videtur

125 2711 170 2773 Et
184 2712 292 2772 melior
308 2713 409 2772 vicina
423 2731 527 2792 seges:
548 2712 691 2772 mercaris
706 2720 738 2771 et
752 2712 832 2772 113113
847 2719 879 2772 et

124 2807 265 2869 Arbusta
279 2818 311 2870 et
327 2807 423 2869 densa
436 2817 573 2868 montem
590 2809 641 2888 qui
657 2818 747 2870 canet
762 2809 852 2871 oliva.

126 2906 268 2978 Quorum
283 2906 309 2966 si
321 2907 422 2985 pretio
437 2905 580 2965 dominus
593 2926 655 2965 non
670 2906 804 2967 vincitur
819 2907 890 2982 ullo,
1086 2924 1132 2971 145

124 3002 159 3062 N
160 3013 230 3064 octe
245 3003 340 3062 boves
354 3001 449 3061 macri
463 3002 603 3081 lassoque
617 3002 756 3064 famelica
771 3005 850 3066 collo

123 3099 146 3161 J
148 3108 276 3160 umente
291 3099 330 3159 ad
345 3098 458 3158 virides
473 3098 563 3178 hujus
576 3099 743 3161 mittuntur
758 3101 891 3177 aristast

124 3196 195 3258 Nec
210 3197 294 3276 prius
307 3195 381 3256 inde
396 3197 522 3255 domum
537 3215 627 3275 quam
641 3205 710 3257 tota
723 3199 846 3257 novalia
860 3217 967 3259 saevos

124 3293 163 3353 In
178 3303 303 3355 ventres
317 3293 438 3366 abeant,
454 3303 488 3352 ut
502 3293 609 3353 credas
624 3294 752 3354 falcibus
767 3304 880 3356 actum.

124 3390 239 3450 Dicere
253 3390 306 3450 vix
320 3389 419 3469 possis
433 3409 525 3468 quarn
539 3387 629 3458 rnulti
643 3389 717 3450 talia
730 3390 861 3470 plorent,

125 3485 169 3546 Et
184 3495 261 3564 quot
275 3486 399 3546 venales
412 3484 524 3564 injuria
536 3485 643 3546 fecerit
657 3505 755 3565 agros.

126 3582 190 3642 Sed
206 3582 259 3661 qui
273 3581 444 3642 sermones!
466 3601 557 3660 quarn
571 3582 679 3642 foedae
694 3582 823 3644 buccina
836 3583 952 3645 famae!
