2598 4170
161 343 203 409 24
458 364 494 411 1).
518 363 622 412 surm
643 363 849 414 Juvnnsms

157 525 179 586 J
180 526 268 606 urgia
281 527 466 608 proludunt:
487 531 542 590 sed
557 551 630 590 mox
645 538 677 591 et
690 531 802 610 pocula
816 539 942 613 torques

159 621 288 684 Saucius
302 633 334 684 ct
347 626 439 686 rubra
452 626 594 706 deterges
609 627 737 687 vulnera
751 645 872 706 mappa,

157 719 245 780 Inter
258 740 314 780 vos
329 741 349 800 q
371 722 449 783 oties
463 723 706 802 libertorumque
721 722 883 786 cohortem

157 815 270 896 Pugna
284 816 347 897 Sag
439 838 457 878 a
470 820 569 879 servet
582 819 745 879 commissa
758 819 879 902 lagena.

156 912 228 992 Ipse
243 913 386 992 capillato
401 903 547 975 diffusum
561 915 695 978 Consule
710 926 800 994 potat

158 1010 381 1089 Calcatamque.
391 1019 478 1071 tenet
491 1011 580 1072 bellis
594 1011 758 1075 socialibus
772 973 1019 1090 &ainamma

157 1108 308 1169 Cardiaco
322 1127 480 1186 nunquam
494 1078 628 1204 c'fflp³
656 1110 804 1172 missurus
818 1112 924 1174 amico.

157 1207 232 1268 Cras
245 1205 332 1266 bibet
345 1204 477 1264 Albanis
491 1205 586 1285 aliqui
623 1207 662 1268 de
677 1210 833 1270 montibus
847 1217 901 1269 eut
915 1209 954 1269 de

158 1302 280 1376 Setinis,
294 1301 381 1381 cujus
394 1301 527 1382 patriam
541 1302 728 1385 titulumque
742 1271 883 1367 scribiens

156 1399 283 1460 Delevit
297 1398 396 1459 multa
410 1400 524 1460 veteris
539 1401 667 1482 fuligine
682 1412 781 1464 testae
789 1423 798 1478 ;
846 1409 850 1414 '

156 1495 256 1568 Quale
271 1495 411 1557 coronati
425 1497 562 1558 Thrasea
576 1498 800 1580 Helvidiusque
814 1499 960 1560 bibebant

155 1581 324 1654 Brutorum
339 1602 371 1654 et
386 1594 472 1655 Oassi
487 1597 650 1657 natalibus.
692 1595 763 1676 Ipse
778 1616 904 1676 capaces

155 1691 323 1752 Heliadum
338 1661 505 1799 ffl‘swet
518 1691 693 1773 inaequales
700 1695 826 1773 beryllo

154 1788 248 1849 Virro
263 1797 350 1850 tenet
363 1789 498 1869 phialas:
520 1789 578 1850 tibi
593 1809 655 1849 non
670 1790 875 1851 committitur
888 1809 1015 1865 aurum3

154 1884 226 1960 Vel,
241 1885 266 1946 si
281 1886 405 1965 quando
420 1886 520 1961 datur,
536 1897 639 1947 custos
654 1888 761 1948 affixus
775 1887 890 1947 ibidem

156 1978 218 2051 Qui
233 1989 373 2041 numeret
387 2001 534 2062 gemmas,
549 2003 668 2063 ungues
684 1984 826 2044 observet
841 1994 956 2046 acutos.

141 2075 173 2114 '“
182 2077 232 2136 Da
244 2077 385 2143 veniam:
405 2081 561 2159 praeclara
575 2080 638 2140 illic
651 2081 796 2140 laudatur
810 2079 927 2160 iaspis.”

154 2173 237 2233 Nam
252 2173 354 2247 Vir-rc,
369 2182 405 2235 ut
419 2175 517 2248 multi,
532 2195 669 2255 gemmas
684 2177 722 2236 ad
737 2177 848 2256 pocula
861 2177 1005 2238 transfert

153 2271 185 2330 A
200 2271 314 2351 digitis,
330 2272 451 2350 quasin
465 2271 597 2350 vaginae
611 2271 711 2332 fronte
726 2274 844 2333 solebat

150 2368 274 2429 ‘Ponere
289 2369 432 2449 zelotypo
445 2368 570 2449 juvenis
584 2371 738 2448 praelatus
752 2370 869 2430 Iarbae.

153 2465 203 2525 Tu
217 2465 432 2528 Beneventani
446 2467 560 2528 sutoris
573 2486 685 2526 nomen
699 2466 865 2528 habentem

154 2562 289 2624 Siccabis
304 2563 431 2626 calicem
445 2583 589 2625 nasorum
605 2571 744 2643 quatuor,
761 2583 796 2622 ae
808 2563 875 2642 jam

153 2659 341 2732 Quassatum
356 2672 388 2724 et
401 2671 494 2743 rupto
509 2669 689 2742 poscentem
704 2659 817 2720 sulfura
831 2627 1047 2756 vadem&

154 2756 187 2818 Si
201 2761 378 2822 stomachus
392 2761 510 2822 domini
524 2759 624 2821 fervet
639 2759 773 2838 vinoque
788 2758 924 2838 ciboque,
1004 2762 1006 2765 ’

152 2853 309 2936 Frigidior
322 2857 439 2920 Geticis
453 2859 570 2939 petitur
585 2824 713 2938 ddtttra
726 2853 860 2934 pruinis:

152 2951 226 3013 Non
241 2953 351 3016 eadem
364 2956 452 3016 vobis
466 2956 540 3035 poni
554 2955 647 3017 modo
662 2954 735 3014 vina
751 2951 922 3030 querebar?

152 3049 220 3110 Vos
234 3052 325 3112 aliam
339 3053 455 3133 potatis
470 3071 589 3132 aquarn.
630 3051 702 3111 Tibi
716 3049 829 3129 pocula
843 3067 948 3108 cursor

152 3145 302 3209 Gaetulus
318 3149 404 3210 dabit
419 3158 473 3210 aut
486 3148 567 3228 nigri
580 3167 688 3209 manus
704 3166 791 3207 ossea
805 3144 917 3218 Mauri,

151 3242 195 3304 Et
209 3245 258 3329 cui
271 3266 327 3326 per
340 3247 475 3306 mediam
488 3245 567 3306 nolis
581 3264 740 3306 occurrere
754 3237 878 3304 noctem

152 3340 294 3402 Olivcsae
308 3343 429 3402 veheris
443 3342 518 3401 dum
531 3360 587 3420 per
600 3349 801 3400 monumenta
815 3335 1027 3432 Latinaedass.

151 3436 225 3499 Flos
240 3438 335 3499 Asiae
350 3448 422 3499 ente
435 3438 544 3518 ipsum,
559 3436 659 3515 pretio
673 3437 787 3516 majore
802 3446 938 3515 paratus·

152 3534 255 3608 Quam
268 3535 327 3596 fuit
342 3543 374 3596 et
387 3534 471 3594 Tulli
485 3552 593 3593 census
606 3533 755 3614 pugnacis
769 3543 801 3593 et
814 3532 897 3592 Anci
