<?xml version="1.0" encoding="UTF-8"?>
<!DOCTYPE html PUBLIC "-//W3C//DTD XHTML 1.0 Transitional//EN"
    "http://www.w3.org/TR/xhtml1/DTD/xhtml1-transitional.dtd">
<html xmlns="http://www.w3.org/1999/xhtml" xml:lang="en" lang="en">
 <head>
  <title>
</title>
<meta http-equiv="Content-Type" content="text/html;charset=utf-8" />
  <meta name='ocr-system' content='tesseract 3.04.00' />
  <meta name='ocr-capabilities' content='ocr_page ocr_carea ocr_par ocr_line ocrx_word'/>
</head>
<body>
  <div class='ocr_page' id='page_1' title='image "./thirteensatires02hartgoog_0084.png"; bbox 0 0 2598 4170; ppageno 0'>
   <div class='ocr_carea' id='block_1_1' title="bbox 502 1085 767 1152">
    <p class='ocr_par' dir='ltr' id='par_1_1' title="bbox 502 1085 767 1152">
     <span class='ocr_line' id='line_1_1' title="bbox 502 1085 767 1152; baseline -0.008 -1"><span class='ocrx_word' id='word_1_1' title='bbox 502 1087 664 1152; x_wconf 84' lang='lat' dir='ltr'>SATIRA</span> <span class='ocrx_word' id='word_1_2' title='bbox 690 1085 767 1150; x_wconf 86' lang='grc' dir='ltr'>ΧΠ.</span> 
     </span>
    </p>
   </div>
   <div class='ocr_carea' id='block_1_2' title="bbox 120 1279 1027 3597">
    <p class='ocr_par' dir='ltr' id='par_1_2' title="bbox 209 1279 966 1460">
     <span class='ocr_line' id='line_1_2' title="bbox 209 1279 966 1358; baseline -0.005 -16"><span class='ocrx_word' id='word_1_3' title='bbox 209 1281 355 1358; x_wconf 81' lang='lat' dir='ltr'>ATALI,</span> <span class='ocrx_word' id='word_1_4' title='bbox 370 1283 512 1358; x_wconf 83' lang='lat' dir='ltr'>corvine,</span> <span class='ocrx_word' id='word_1_5' title='bbox 527 1285 577 1345; x_wconf 90' lang='lat' dir='ltr'>die</span> <span class='ocrx_word' id='word_1_6' title='bbox 591 1283 668 1344; x_wconf 89' lang='lat' dir='ltr'>mihi</span> <span class='ocrx_word' id='word_1_7' title='bbox 681 1282 800 1344; x_wconf 80' lang='lat' dir='ltr'>dulcior</span> <span class='ocrx_word' id='word_1_8' title='bbox 812 1281 889 1341; x_wconf 82' lang='lat' dir='ltr'>haee</span> <span class='ocrx_word' id='word_1_9' title='bbox 902 1279 966 1351; x_wconf 87' lang='lat' dir='ltr'>lux,</span> 
     </span>
     <span class='ocr_line' id='line_1_3' title="bbox 237 1379 953 1460; baseline -0.004 -20"><span class='ocrx_word' id='word_1_10' title='bbox 237 1380 308 1453; x_wconf 76' lang='lat' dir='ltr'>Qua</span> <span class='ocrx_word' id='word_1_11' title='bbox 320 1381 416 1441; x_wconf 81' lang='lat' dir='ltr'>festus</span> <span class='ocrx_word' id='word_1_12' title='bbox 431 1381 579 1460; x_wconf 87' lang='lat' dir='ltr'>promissa</span> <span class='ocrx_word' id='word_1_13' title='bbox 593 1381 659 1441; x_wconf 90' lang='lat' dir='ltr'>deis</span> <span class='ocrx_word' id='word_1_14' title='bbox 674 1379 816 1440; x_wconf 85' lang='lat' dir='ltr'>animalia</span> <span class='ocrx_word' id='word_1_15' title='bbox 830 1395 953 1457; x_wconf 82' lang='lat' dir='ltr'>caespes</span> 
     </span>
    </p>

    <p class='ocr_par' dir='ltr' id='par_1_3' title="bbox 120 1476 1027 3597">
     <span class='ocr_line' id='line_1_4' title="bbox 120 1476 939 1558; baseline -0.002 -22"><span class='ocrx_word' id='word_1_16' title='bbox 120 1477 310 1557; x_wconf 78' lang='lat' dir='ltr'><strong>Exspectat.</strong></span> <span class='ocrx_word' id='word_1_17' title='bbox 349 1477 485 1538; x_wconf 86' lang='lat' dir='ltr'>Niveam</span> <span class='ocrx_word' id='word_1_18' title='bbox 499 1477 638 1558; x_wconf 75' lang='lat' dir='ltr'>Reginae</span> <span class='ocrx_word' id='word_1_19' title='bbox 653 1476 794 1537; x_wconf 84' lang='lat' dir='ltr'><strong>ducimus</strong></span> <span class='ocrx_word' id='word_1_20' title='bbox 808 1493 939 1555; x_wconf 83' lang='lat' dir='ltr'>aguam3</span> 
     </span>
     <span class='ocr_line' id='line_1_5' title="bbox 128 1571 909 1654; baseline -0.005 -20"><span class='ocrx_word' id='word_1_21' title='bbox 128 1574 193 1634; x_wconf 88' lang='lat' dir='ltr'>Par</span> <span class='ocrx_word' id='word_1_22' title='bbox 207 1575 305 1634; x_wconf 87' lang='lat' dir='ltr'>vellus</span> <span class='ocrx_word' id='word_1_23' title='bbox 320 1575 444 1634; x_wconf 87' lang='lat' dir='ltr'>dabitur</span> <span class='ocrx_word' id='word_1_24' title='bbox 457 1574 609 1654; x_wconf 88' lang='lat' dir='ltr'>pugnanti</span> <span class='ocrx_word' id='word_1_25' title='bbox 624 1574 769 1653; x_wconf 83' lang='lat' dir='ltr'>Gorgone</span> <span class='ocrx_word' id='word_1_26' title='bbox 783 1571 909 1632; x_wconf 89' lang='lat' dir='ltr'>Maura:</span> 
     </span>
     <span class='ocr_line' id='line_1_6' title="bbox 130 1667 1002 1752; baseline -0.006 -20"><span class='ocrx_word' id='word_1_27' title='bbox 130 1670 195 1732; x_wconf 87' lang='lat' dir='ltr'>Sed</span> <span class='ocrx_word' id='word_1_28' title='bbox 210 1671 317 1751; x_wconf 86' lang='lat' dir='ltr'>prneul</span> <span class='ocrx_word' id='word_1_29' title='bbox 331 1681 494 1734; x_wconf 83' lang='lat' dir='ltr'>extensum</span> <span class='ocrx_word' id='word_1_30' title='bbox 508 1672 651 1752; x_wconf 88' lang='lat' dir='ltr'>petulans</span> <span class='ocrx_word' id='word_1_31' title='bbox 667 1670 767 1750; x_wconf 89' lang='lat' dir='ltr'>quatit</span> <span class='ocrx_word' id='word_1_32' title='bbox 781 1668 883 1731; x_wconf 87' lang='lat' dir='ltr'>hostia</span> <span class='ocrx_word' id='word_1_33' title='bbox 896 1667 1002 1728; x_wconf 86' lang='lat' dir='ltr'>funem</span> 
     </span>
     <span class='ocr_line' id='line_1_7' title="bbox 129 1766 870 1848; baseline 0.001 -22"><span class='ocrx_word' id='word_1_34' title='bbox 129 1766 265 1847; x_wconf 87' lang='lat' dir='ltr'>Tarpeio</span> <span class='ocrx_word' id='word_1_35' title='bbox 279 1777 401 1828; x_wconf 86' lang='lat' dir='ltr'>servata</span> <span class='ocrx_word' id='word_1_36' title='bbox 413 1768 436 1829; x_wconf 88' lang='lat' dir='ltr'><strong>J</strong></span> <span class='ocrx_word' id='word_1_37' title='bbox 437 1768 489 1829; x_wconf 91' lang='lat' dir='ltr'>ovi</span> <span class='ocrx_word' id='word_1_38' title='bbox 498 1769 696 1848; x_wconf 86' lang='lat' dir='ltr'>¹frontemque</span> <span class='ocrx_word' id='word_1_39' title='bbox 710 1775 870 1841; x_wconf 82' lang='lat' dir='ltr'>eoruscat3</span> 
     </span>
     <span class='ocr_line' id='line_1_8' title="bbox 131 1864 921 1946; baseline -0.003 -21"><span class='ocrx_word' id='word_1_40' title='bbox 131 1864 256 1946; x_wconf 81' lang='lat' dir='ltr'>Quippe</span> <span class='ocrx_word' id='word_1_41' title='bbox 270 1866 357 1926; x_wconf 84' lang='lat' dir='ltr'>ferox</span> <span class='ocrx_word' id='word_1_42' title='bbox 371 1865 496 1940; x_wconf 90' lang='lat' dir='ltr'>vitulus,</span> <span class='ocrx_word' id='word_1_43' title='bbox 511 1866 636 1946; x_wconf 91' lang='lat' dir='ltr'>templis</span> <span class='ocrx_word' id='word_1_44' title='bbox 650 1874 789 1926; x_wconf 87' lang='lat' dir='ltr'>maturus</span> <span class='ocrx_word' id='word_1_45' title='bbox 804 1873 836 1925; x_wconf 90' lang='lat' dir='ltr'>et</span> <span class='ocrx_word' id='word_1_46' title='bbox 851 1881 921 1924; x_wconf 84' lang='lat' dir='ltr'>arae</span> 
     </span>
     <span class='ocr_line' id='line_1_9' title="bbox 132 1959 1027 2044; baseline -0.002 -20"><span class='ocrx_word' id='word_1_47' title='bbox 132 1963 392 2043; x_wconf 70' lang='lat' dir='ltr'>spargendusque</span> <span class='ocrx_word' id='word_1_48' title='bbox 407 1984 500 2039; x_wconf 86' lang='lat' dir='ltr'>mero,</span> <span class='ocrx_word' id='word_1_49' title='bbox 514 1985 606 2044; x_wconf 90' lang='lat' dir='ltr'>quem</span> <span class='ocrx_word' id='word_1_50' title='bbox 621 1964 687 2043; x_wconf 88' lang='lat' dir='ltr'>jam</span> <span class='ocrx_word' id='word_1_51' title='bbox 701 1963 798 2044; x_wconf 86' lang='lat' dir='ltr'>pudet</span> <span class='ocrx_word' id='word_1_52' title='bbox 812 1962 907 2023; x_wconf 87' lang='lat' dir='ltr'>ubera</span> <span class='ocrx_word' id='word_1_53' title='bbox 919 1959 1027 2022; x_wconf 86' lang='lat' dir='ltr'>matris</span> 
     </span>
     <span class='ocr_line' id='line_1_10' title="bbox 130 2059 837 2140; baseline -0.003 -20"><span class='ocrx_word' id='word_1_54' title='bbox 130 2059 263 2133; x_wconf 79' lang='lat' dir='ltr'>Ducere,</span> <span class='ocrx_word' id='word_1_55' title='bbox 279 2060 439 2140; x_wconf 79' lang='lat' dir='ltr'>quiverat</span> <span class='ocrx_word' id='word_1_56' title='bbox 453 2061 593 2122; x_wconf 76' lang='lat' dir='ltr'>nascenti</span> <span class='ocrx_word' id='word_1_57' title='bbox 607 2061 718 2122; x_wconf 87' lang='lat' dir='ltr'>robora</span> <span class='ocrx_word' id='word_1_58' title='bbox 732 2079 837 2120; x_wconf 84' lang='lat' dir='ltr'>cornu.</span> 
     </span>
     <span class='ocr_line' id='line_1_11' title="bbox 133 2155 907 2238; baseline 0.003 -22"><span class='ocrx_word' id='word_1_59' title='bbox 133 2155 167 2216; x_wconf 87' lang='lat' dir='ltr'>Si</span> <span class='ocrx_word' id='word_1_60' title='bbox 181 2176 230 2217; x_wconf 88' lang='lat' dir='ltr'>res</span> <span class='ocrx_word' id='word_1_61' title='bbox 245 2156 347 2237; x_wconf 87' lang='lat' dir='ltr'>ampla</span> <span class='ocrx_word' id='word_1_62' title='bbox 361 2157 447 2218; x_wconf 88' lang='lat' dir='ltr'>dorni</span> <span class='ocrx_word' id='word_1_63' title='bbox 461 2157 628 2238; x_wconf 86' lang='lat' dir='ltr'>similisque</span> <span class='ocrx_word' id='word_1_64' title='bbox 644 2156 803 2217; x_wconf 81' lang='lat' dir='ltr'>affectibus</span> <span class='ocrx_word' id='word_1_65' title='bbox 818 2164 907 2230; x_wconf 85' lang='lat' dir='ltr'>esset,</span> 
     </span>
     <span class='ocr_line' id='line_1_12' title="bbox 131 2253 877 2334; baseline 0 -20"><span class='ocrx_word' id='word_1_66' title='bbox 131 2253 283 2333; x_wconf 87' lang='lat' dir='ltr'>Pinguior</span> <span class='ocrx_word' id='word_1_67' title='bbox 297 2253 442 2334; x_wconf 82' lang='lat' dir='ltr'>Hispulla</span> <span class='ocrx_word' id='word_1_68' title='bbox 456 2256 631 2316; x_wconf 78' lang='lat' dir='ltr'>traheretur</span> <span class='ocrx_word' id='word_1_69' title='bbox 644 2263 750 2315; x_wconf 87' lang='lat' dir='ltr'>taurus</span> <span class='ocrx_word' id='word_1_70' title='bbox 765 2263 796 2314; x_wconf 87' lang='lat' dir='ltr'>et</span> <span class='ocrx_word' id='word_1_71' title='bbox 809 2253 877 2334; x_wconf 89' lang='lat' dir='ltr'>ipsa</span> 
     </span>
     <span class='ocr_line' id='line_1_13' title="bbox 132 2349 855 2431; baseline 0.006 -22"><span class='ocrx_word' id='word_1_72' title='bbox 132 2349 216 2410; x_wconf 89' lang='lat' dir='ltr'>Mole</span> <span class='ocrx_word' id='word_1_73' title='bbox 230 2351 327 2431; x_wconf 85' lang='lat' dir='ltr'>piger,</span> <span class='ocrx_word' id='word_1_74' title='bbox 340 2373 399 2414; x_wconf 85' lang='lat' dir='ltr'>nee</span> <span class='ocrx_word' id='word_1_75' title='bbox 412 2354 545 2414; x_wconf 89' lang='lat' dir='ltr'>finitima</span> <span class='ocrx_word' id='word_1_76' title='bbox 557 2353 692 2414; x_wconf 85' lang='lat' dir='ltr'>nutritus</span> <span class='ocrx_word' id='word_1_77' title='bbox 706 2353 738 2412; x_wconf 91' lang='lat' dir='ltr'>in</span> <span class='ocrx_word' id='word_1_78' title='bbox 752 2352 855 2426; x_wconf 86' lang='lat' dir='ltr'>herba,</span> 
     </span>
     <span class='ocr_line' id='line_1_14' title="bbox 132 2445 910 2530; baseline 0.004 -24"><span class='ocrx_word' id='word_1_79' title='bbox 132 2445 230 2507; x_wconf 88' lang='lat' dir='ltr'>Laeta</span> <span class='ocrx_word' id='word_1_80' title='bbox 244 2449 480 2511; x_wconf 63' lang='lat' dir='ltr'>reuomentem</span> <span class='ocrx_word' id='word_1_81' title='bbox 495 2450 646 2512; x_wconf 79' lang='lat' dir='ltr'>Clitumni</span> <span class='ocrx_word' id='word_1_82' title='bbox 658 2469 772 2530; x_wconf 85' lang='lat' dir='ltr'>pascua</span> <span class='ocrx_word' id='word_1_83' title='bbox 786 2449 910 2530; x_wconf 89' lang='lat' dir='ltr'>sanguis</span> 
     </span>
     <span class='ocr_line' id='line_1_15' title="bbox 133 2542 843 2626; baseline 0.007 -23"><span class='ocrx_word' id='word_1_84' title='bbox 133 2542 207 2618; x_wconf 85' lang='lat' dir='ltr'>Iret,</span> <span class='ocrx_word' id='word_1_85' title='bbox 221 2554 253 2604; x_wconf 89' lang='lat' dir='ltr'>et</span> <span class='ocrx_word' id='word_1_86' title='bbox 268 2565 286 2605; x_wconf 91' lang='lat' dir='ltr'>a</span> <span class='ocrx_word' id='word_1_87' title='bbox 299 2548 410 2626; x_wconf 87' lang='lat' dir='ltr'>grandi</span> <span class='ocrx_word' id='word_1_88' title='bbox 425 2548 529 2608; x_wconf 82' lang='lat' dir='ltr'>cervix</span> <span class='ocrx_word' id='word_1_89' title='bbox 543 2548 681 2608; x_wconf 79' lang='lat' dir='ltr'>ferienda</span> <span class='ocrx_word' id='word_1_90' title='bbox 694 2547 843 2622; x_wconf 89' lang='lat' dir='ltr'>ministr0,</span> 
     </span>
     <span class='ocr_line' id='line_1_16' title="bbox 134 2640 971 2726; baseline 0.007 -26"><span class='ocrx_word' id='word_1_91' title='bbox 134 2640 185 2702; x_wconf 92' lang='lat' dir='ltr'>Ob</span> <span class='ocrx_word' id='word_1_92' title='bbox 198 2642 332 2704; x_wconf 86' lang='lat' dir='ltr'>reditum</span> <span class='ocrx_word' id='word_1_93' title='bbox 347 2646 531 2725; x_wconf 86' lang='lat' dir='ltr'>trepidantis</span> <span class='ocrx_word' id='word_1_94' title='bbox 545 2647 647 2706; x_wconf 86' lang='lat' dir='ltr'>adhue</span> <span class='ocrx_word' id='word_1_95' title='bbox 660 2646 875 2725; x_wconf 88' lang='lat' dir='ltr'>horrendaque</span> <span class='ocrx_word' id='word_1_96' title='bbox 890 2645 971 2726; x_wconf 87' lang='lat' dir='ltr'>passi</span> 
     </span>
     <span class='ocr_line' id='line_1_17' title="bbox 133 2737 841 2818; baseline 0.007 -21"><span class='ocrx_word' id='word_1_97' title='bbox 133 2737 245 2818; x_wconf 85' lang='lat' dir='ltr'>Nuper</span> <span class='ocrx_word' id='word_1_98' title='bbox 258 2750 291 2801; x_wconf 90' lang='lat' dir='ltr'>et</span> <span class='ocrx_word' id='word_1_99' title='bbox 304 2741 492 2804; x_wconf 86' lang='lat' dir='ltr'>ineolumem</span> <span class='ocrx_word' id='word_1_100' title='bbox 506 2763 572 2804; x_wconf 86' lang='lat' dir='ltr'>sese</span> <span class='ocrx_word' id='word_1_101' title='bbox 586 2743 727 2802; x_wconf 86' lang='lat' dir='ltr'>mirantis</span> <span class='ocrx_word' id='word_1_102' title='bbox 742 2743 841 2804; x_wconf 88' lang='lat' dir='ltr'>amici.</span> 
     </span>
     <span class='ocr_line' id='line_1_18' title="bbox 134 2834 854 2920; baseline 0.007 -26"><span class='ocrx_word' id='word_1_103' title='bbox 134 2834 217 2895; x_wconf 89' lang='lat' dir='ltr'>Nam</span> <span class='ocrx_word' id='word_1_104' title='bbox 231 2847 355 2916; x_wconf 87' lang='lat' dir='ltr'>praeter</span> <span class='ocrx_word' id='word_1_105' title='bbox 367 2839 469 2920; x_wconf 87' lang='lat' dir='ltr'>pelagi</span> <span class='ocrx_word' id='word_1_106' title='bbox 484 2859 572 2901; x_wconf 85' lang='lat' dir='ltr'>casus</span> <span class='ocrx_word' id='word_1_107' title='bbox 587 2849 619 2900; x_wconf 89' lang='lat' dir='ltr'>et</span> <span class='ocrx_word' id='word_1_108' title='bbox 632 2839 760 2919; x_wconf 86' lang='lat' dir='ltr'>fulguris</span> <span class='ocrx_word' id='word_1_109' title='bbox 774 2839 854 2900; x_wconf 83' lang='lat' dir='ltr'>ictus</span> 
     </span>
     <span class='ocr_line' id='line_1_19' title="bbox 135 2931 911 2998; baseline 0.005 -6"><span class='ocrx_word' id='word_1_110' title='bbox 135 2931 252 2994; x_wconf 84' lang='lat' dir='ltr'>Evasit.</span> <span class='ocrx_word' id='word_1_111' title='bbox 293 2933 416 2996; x_wconf 88' lang='lat' dir='ltr'>Densae</span> <span class='ocrx_word' id='word_1_112' title='bbox 431 2937 550 2997; x_wconf 85' lang='lat' dir='ltr'>eaelum</span> <span class='ocrx_word' id='word_1_113' title='bbox 564 2937 751 2998; x_wconf 82' lang='lat' dir='ltr'>abscondere</span> <span class='ocrx_word' id='word_1_114' title='bbox 764 2938 911 2998; x_wconf 87' lang='lat' dir='ltr'>tenebrae</span> 
     </span>
     <span class='ocr_line' id='line_1_20' title="bbox 134 3027 905 3116; baseline 0.009 -28"><span class='ocrx_word' id='word_1_115' title='bbox 134 3027 226 3090; x_wconf 85' lang='lat' dir='ltr'>Nube</span> <span class='ocrx_word' id='word_1_116' title='bbox 241 3049 303 3090; x_wconf 89' lang='lat' dir='ltr'>una</span> <span class='ocrx_word' id='word_1_117' title='bbox 317 3033 498 3112; x_wconf 87' lang='lat' dir='ltr'>subitusque</span> <span class='ocrx_word' id='word_1_118' title='bbox 513 3043 663 3096; x_wconf 86' lang='lat' dir='ltr'>antennas</span> <span class='ocrx_word' id='word_1_119' title='bbox 677 3034 800 3116; x_wconf 88' lang='lat' dir='ltr'>impulit</span> <span class='ocrx_word' id='word_1_120' title='bbox 814 3035 905 3115; x_wconf 88' lang='lat' dir='ltr'>ignis,</span> 
     </span>
     <span class='ocr_line' id='line_1_21' title="bbox 137 3124 976 3211; baseline 0.005 -25"><span class='ocrx_word' id='word_1_121' title='bbox 137 3124 240 3198; x_wconf 78' lang='lat' dir='ltr'>Quum</span> <span class='ocrx_word' id='word_1_122' title='bbox 255 3148 287 3188; x_wconf 91' lang='lat' dir='ltr'>se</span> <span class='ocrx_word' id='word_1_123' title='bbox 302 3129 430 3210; x_wconf 90' lang='lat' dir='ltr'>quisque</span> <span class='ocrx_word' id='word_1_124' title='bbox 443 3130 496 3192; x_wconf 90' lang='lat' dir='ltr'>illo</span> <span class='ocrx_word' id='word_1_125' title='bbox 511 3151 689 3211; x_wconf 82' lang='lat' dir='ltr'>percussum</span> <span class='ocrx_word' id='word_1_126' title='bbox 704 3133 843 3193; x_wconf 88' lang='lat' dir='ltr'>erederet</span> <span class='ocrx_word' id='word_1_127' title='bbox 858 3140 890 3191; x_wconf 91' lang='lat' dir='ltr'>et</span> <span class='ocrx_word' id='word_1_128' title='bbox 903 3151 976 3191; x_wconf 87' lang='lat' dir='ltr'>mox</span> 
     </span>
     <span class='ocr_line' id='line_1_22' title="bbox 136 3224 818 3309; baseline 0.009 -27"><span class='ocrx_word' id='word_1_129' title='bbox 136 3224 300 3287; x_wconf 85' lang='lat' dir='ltr'>Attonitus</span> <span class='ocrx_word' id='word_1_130' title='bbox 313 3229 433 3287; x_wconf 89' lang='lat' dir='ltr'>nullum</span> <span class='ocrx_word' id='word_1_131' title='bbox 448 3229 577 3288; x_wconf 82' lang='lat' dir='ltr'>conferri</span> <span class='ocrx_word' id='word_1_132' title='bbox 591 3249 680 3308; x_wconf 90' lang='lat' dir='ltr'>posse</span> <span class='ocrx_word' id='word_1_133' title='bbox 694 3237 818 3309; x_wconf 88' lang='lat' dir='ltr'>putaret</span> 
     </span>
     <span class='ocr_line' id='line_1_23' title="bbox 137 3318 878 3403; baseline 0.003 -21"><span class='ocrx_word' id='word_1_134' title='bbox 137 3318 340 3403; x_wconf 86' lang='lat' dir='ltr'>Naufragium</span> <span class='ocrx_word' id='word_1_135' title='bbox 356 3323 430 3384; x_wconf 88' lang='lat' dir='ltr'>velis</span> <span class='ocrx_word' id='word_1_136' title='bbox 445 3324 631 3384; x_wconf 86' lang='lat' dir='ltr'>ardentibus.</span> <span class='ocrx_word' id='word_1_137' title='bbox 672 3324 785 3384; x_wconf 88' lang='lat' dir='ltr'>Omnia</span> <span class='ocrx_word' id='word_1_138' title='bbox 798 3325 878 3384; x_wconf 89' lang='lat' dir='ltr'>fiunt</span> 
     </span>
     <span class='ocr_line' id='line_1_24' title="bbox 136 3419 894 3502; baseline 0 -22"><span class='ocrx_word' id='word_1_139' title='bbox 136 3420 231 3494; x_wconf 78' lang='lat' dir='ltr'>Talia,</span> <span class='ocrx_word' id='word_1_140' title='bbox 246 3430 311 3481; x_wconf 89' lang='lat' dir='ltr'>tam</span> <span class='ocrx_word' id='word_1_141' title='bbox 325 3419 470 3500; x_wconf 78' lang='lat' dir='ltr'>graviter,</span> <span class='ocrx_word' id='word_1_142' title='bbox 484 3420 508 3480; x_wconf 83' lang='lat' dir='ltr'>si</span> <span class='ocrx_word' id='word_1_143' title='bbox 522 3420 646 3500; x_wconf 89' lang='lat' dir='ltr'>quando</span> <span class='ocrx_word' id='word_1_144' title='bbox 660 3423 782 3499; x_wconf 78' lang='lat' dir='ltr'>poetica</span> <span class='ocrx_word' id='word_1_145' title='bbox 796 3421 894 3502; x_wconf 83' lang='lat' dir='ltr'>surgit</span> 
     </span>
     <span class='ocr_line' id='line_1_25' title="bbox 137 3515 963 3597; baseline -0.005 -19"><span class='ocrx_word' id='word_1_146' title='bbox 137 3517 326 3597; x_wconf 80' lang='lat' dir='ltr'>Tempestas.</span> <span class='ocrx_word' id='word_1_147' title='bbox 367 3515 472 3577; x_wconf 83' lang='lat' dir='ltr'>Genus</span> <span class='ocrx_word' id='word_1_148' title='bbox 486 3535 557 3576; x_wconf 84' lang='lat' dir='ltr'>ecee</span> <span class='ocrx_word' id='word_1_149' title='bbox 571 3515 654 3576; x_wconf 85' lang='lat' dir='ltr'>aliud</span> <span class='ocrx_word' id='word_1_150' title='bbox 669 3516 868 3592; x_wconf 82' lang='lat' dir='ltr'>discriminis3</span> <span class='ocrx_word' id='word_1_151' title='bbox 890 3515 963 3577; x_wconf 86' lang='lat' dir='ltr'>audi</span> 
     </span>
    </p>
   </div>
   <div class='ocr_carea' id='block_1_3' title="bbox 630 3630 646 3680">
    <p class='ocr_par' dir='ltr' id='par_1_4' title="bbox 630 3630 646 3680">
     <span class='ocr_line' id='line_1_26' title="bbox 630 3630 646 3680; baseline 0 0"><span class='ocrx_word' id='word_1_152' title='bbox 630 3630 646 3680; x_wconf 82' lang='lat'>5</span> 
     </span>
    </p>
   </div>
   <div class='ocr_carea' id='block_1_4' title="bbox 1120 1677 1136 1725">
    <p class='ocr_par' dir='ltr' id='par_1_5' title="bbox 1120 1677 1136 1725">
     <span class='ocr_line' id='line_1_27' title="bbox 1120 1677 1136 1725; baseline 0 0"><span class='ocrx_word' id='word_1_153' title='bbox 1120 1677 1136 1725; x_wconf 77' lang='lat'>5</span> 
     </span>
    </p>
   </div>
   <div class='ocr_carea' id='block_1_5' title="bbox 0 0 1323 4170">
    <p class='ocr_par' dir='ltr' id='par_1_6' title="bbox 0 0 1323 4170">
     <span class='ocr_line' id='line_1_28' title="bbox 0 0 1323 4170; baseline 0 0"><span class='ocrx_word' id='word_1_154' title='bbox 0 0 1323 4170; x_wconf 95' lang='lat' dir='ltr'> </span> 
     </span>
    </p>
   </div>
  </div>
 </body>
</html>
