2598 4170
129 304 171 370 12
434 325 470 371 ι).
493 325 596 372 turn
617 323 824 372 Juvuuanrs

127 494 145 524 “
157 418 374 576 Sifflpifri'orest,
389 498 422 550 et
436 489 474 550 de
488 489 617 568 pulvino
631 500 737 568 surgat
751 489 887 568 equestri

129 584 225 664 Cujus
238 604 286 646 res
300 586 362 664 legi
376 605 439 646 non
453 587 572 660 sufficit,
588 595 620 646 et
634 586 763 646 sedeant
777 586 827 646 hio

128 679 290 741 Lenonum
303 682 391 762 pueri
405 701 586 761 quocunque
601 682 633 742 iu
647 681 762 742 formes
777 682 852 758 nati,

129 776 191 837 Hic
204 778 333 856 plaudat
348 743 439 839 illudi
452 779 611 858 praeconis
625 779 706 838 filius
720 779 802 840 inter

129 874 288 954 Pinnirapi
303 874 402 935 cultos
418 876 550 953 juvenes
566 874 759 970 jupenesque
774 877 929 940 lanistae.”

131 971 181 1032 Sic
196 971 317 1030 libitum
331 991 413 1031 vano
428 972 480 1051 qui
495 992 552 1033 nos
566 950 709 1032 <redibit
725 973 852 1038 Othoni.

130 1066 208 1140 Quis
222 1089 317 1148 gener
331 1069 380 1128 hic
394 1069 512 1148 placuit
528 1088 622 1128 censu
636 1069 737 1131 minor
752 1085 844 1154 atque
858 1075 978 1155 puellae

131 1165 151 1224 S
239 1165 297 1225 ulis
310 1165 432 1244 impar?
453 1165 521 1245 quis
535 1185 651 1246 pauper
665 1170 808 1231 scribitur
821 1172 932 1233 heres?

130 1260 264 1333 erando
279 1263 310 1321 in
326 1263 452 1322 consilio
468 1274 515 1323 est
529 1263 717 1326 Aedilibus?
758 1268 893 1348 Agmine
907 1269 989 1330 facto
1091 1315 1094 1320 .

129 1359 309 1419 Debuerant
324 1361 396 1418 olim
411 1369 520 1420 tenues
534 1362 682 1442 migrasse
697 1355 842 1435 Quirites.

131 1456 225 1516 Haud
239 1456 328 1515 filcile
343 1467 506 1538 emergunt
521 1479 652 1538 quorum
665 1461 831 1522 virtutibus
846 1463 950 1523 obstat

131 1553 195 1614 Res
210 1563 341 1634 angusta
355 1555 458 1615 domi:
479 1556 534 1618 sed
548 1557 667 1618 Romae
682 1559 786 1619 durior
801 1559 859 1621 illis

132 1651 286 1728 Conatus3
308 1673 339 1712 m
358 1627 421 1732 gili>
435 1653 605 1734 hospitium
618 1656 800 1729 miserabile,
814 1677 926 1736 magno

133 1748 299 1808 Servorum
309 1760 437 1818 ventres
452 1761 484 1811 et
497 1751 579 1831 frugi
590 1753 722 1812 coenula
736 1774 858 1832 magno

133 1847 294 1907 Fictilibus
309 1867 438 1908 coenare
451 1849 558 1928 pudet,
572 1850 654 1928 quod
670 1859 760 1928 turpe
775 1850 901 1930 negavit

132 1945 313 2006 Translatus
327 1946 429 2006 subito
444 1937 484 2026 ad
498 1947 618 2006 Marsos
631 1966 830 2026 mensamque
846 1875 1001 2008 Satiiiilim

111 2031 112 2034 Ἴ
134 2042 368 2123 Contentusque
383 2044 445 2103 illio
459 2054 572 2106 veneto
587 2044 725 2123 duroque
740 2044 869 2104 cuculle.

133 2138 210 2202 Pars
223 2161 337 2221 magna
351 2141 460 2202 Italiae
475 2151 531 2215 est,
545 2141 570 2200 si
584 2162 692 2202 verum
707 2141 907 2214 admittimus,
922 2139 954 2199 in
970 2159 1031 2220 qua

132 2237 235 2299 Nemo
250 2249 355 2319 togam
370 2240 464 2299 sumit
477 2238 537 2298 nisi
551 2246 699 2298 mortuus.
740 2236 812 2316 Ipsa
826 2237 945 2296 dierum
1030 2272 1032 2276 ·

134 2338 297 2397 Fastorum
310 2338 441 2397 herboso
456 2336 568 2396 colitur
581 2329 744 2413 siquando
759 2334 881 2394 theatro

121 2431 280 2512 Majestas
294 2435 481 2514 tandemque
496 2432 577 2492 redit
591 2432 631 2490 ad
645 2430 765 2510 pulpita
779 2439 888 2490 notum
903 2427 975 2516 ΛὝ

93 2591 95 2594 .
133 2528 182 2588 Ex
259 2550 297 2606 m,
311 2553 405 2612 quum
420 2550 568 2612 personae
582 2528 725 2609 pallentis
738 2527 859 2587 hiatum
896 2611 898 2615 ,

133 2625 171 2686 In
186 2628 303 2706 gremio
318 2628 424 2690 matris
438 2627 583 2688 formidat
598 2625 729 2685 rusticus
744 2624 853 2698 inians,
1000 2685 1006 2690 ,

133 2723 288 2803 Aequales
302 2726 425 2786 habitus
439 2725 501 2786 illic
516 2725 706 2803 similemque
722 2721 841 2780 videbis
870 2709 950 2786 sadu-

134 2819 330 2882 Orchestram
346 2831 377 2883 et
392 2823 556 2902 populum:
577 2820 651 2881 clari
666 2821 807 2878 velamen
821 2818 955 2897 honoris,
970 2818 975 2826 ’

135 2921 297 2982 Sufficiunt
311 2919 434 2980 tunicae
449 2918 575 2978 summis
589 2917 753 2976 Aedilibus
768 2916 864 2975 albae.

106 3011 119 3064 Γ
135 3021 195 3080 Hic
209 3020 290 3078 ultra
304 3017 384 3076 vires
397 3015 521 3088 habitus
535 2990 708 3108 nito1·Jrlhic
723 3013 838 3092 aliquid
852 3012 922 3090 plus
1079 3023 1140 3071 '18⁰

135 3117 238 3188 Quam
252 3114 325 3175 satis
339 3121 387 3172 est
400 3110 558 3170 interdum
573 3111 673 3170 aliena
687 3111 818 3171 sumitur
833 3127 911 3168 arca„

72 3217 76 3278 ss
136 3215 306 3275 Commune
320 3210 354 3270 id
367 3208 478 3268 vitium
493 3217 556 3270 est:
578 3207 628 3268 hic
641 3208 776 3268 vivimus
791 3206 955 3268 ambitiosa

134 3309 323 3388 Paupertate
338 3325 453 3367 omnes.
494 3303 579 3375 Quid
593 3313 626 3363 te
641 3306 767 3363 moror?
808 3304 921 3364 Omnia
935 3303 1054 3363 Romae

136 3407 216 3467 Cum
230 3404 338 3484 pretio.
380 3401 464 3472 Quid
479 3400 534 3460 das
548 3408 583 3460 ut
599 3401 728 3460 Cossum
743 3400 908 3480 aliquando
923 3399 1062 3461 salutes?

136 3502 184 3564 Ut
199 3512 231 3562 te
245 3497 388 3578 respiciat
402 3497 506 3558 clauso
520 3495 657 3557 Veiento
671 3495 807 3556 labello?
1094 3509 1140 3556 185
