2598 4170
573 353 708 404 sAnmA
728 355 780 404 Ν.

168 525 289 588 Vendit
304 543 411 606 agros:
431 523 486 584 sed
500 523 632 603 majores
645 521 762 602 Apulia
776 521 893 582 vendit.

168 624 285 696 Quales
299 632 374 684 tuno
389 621 495 701 epulas
509 619 611 700 ipsum
623 619 751 699 glutisse
764 628 909 698 putamus

167 720 434 802 Induperatorem
449 737 545 796 quum
559 725 608 777 tot
622 715 771 789 sestertia,
785 723 905 794 partem

167 819 323 900 Exiguam
337 829 369 880 et
383 816 524 878 modicae
538 823 694 893 sumptam
709 813 748 874 de
762 813 899 892 margine
914 831 1037 889 coenae,
1142 829 1173 876 30

167 916 347 996 Purpureus
360 916 465 996 magni
478 912 609 973 ructarit
708 929 726 969 a
740 909 853 984 Palati,

166 1014 188 1075 J
189 1032 239 1073 arn
252 1014 395 1094 princeps
408 1013 558 1094 Equitum
582 1028 695 1089 magna
710 1007 763 1088 qui
776 1026 852 1067 voce
867 1007 986 1068 solebat

167 1110 314 1172 Vendere
328 1111 499 1191 municipes
611 1108 662 1166 'de
677 1123 783 1198 merce.
793 1103 911 1164 siluros.
923 1091 1004 1212 baffi).
1016 1070 1171 1157 WMJF·
1177 1099 1260 1150 ΗΓ

165 1207 283 1288 Incipe,
299 1207 445 1286 Calliope,
455 1207 529 1268 licet
543 1217 575 1267 et
589 1205 769 1268 considere:
791 1224 855 1264 non
869 1211 916 1264 est

166 1305 375 1379 (lentandum,
390 1325 438 1365 res
452 1325 525 1364 vera
539 1305 659 1384 agitur:
680 1311 812 1376 narrate,
826 1300 948 1380 puellae
975 1343 987 1364 ..
1140 1315 1171 1360 35

166 1401 325 1462 Pierides:
345 1403 443 1481 prosit
456 1403 532 1462 mihi
546 1423 602 1462 vos
617 1401 730 1462 dixisse
744 1400 871 1480 puellas.

207 1498 312 1570 Quum
325 1499 392 1578 jam
407 1498 620 1563 semianimum
634 1499 782 1560 laceraret
796 1495 925 1557 Flavius
939 1495 1046 1558 orbem

47 1613 52 1618 ·
165 1594 305 1689 Ultimus
319 1605 350 1655 et
365 1597 456 1655 calvo
470 1595 598 1656 serviret
613 1595 714 1656 Roma
731 1594 859 1668 Neroni,

163 1691 287 1752 Incidet
301 1691 450 1752 Hadriaci
464 1692 598 1771 spatium
612 1691 793 1752 admirabile
806 1690 930 1753 rhombi

163 1788 251 1848 Ante
265 1759 539 1852 dordbtmveneris
554 1809 645 1869 quam
659 1788 775 1851 Dorica
788 1789 920 1850 sustinet
933 1787 1056 1862 Ancon,
1137 1802 1168 1849 40

163 1884 372 1967 Implevitque
388 1887 488 1946 sinus:
509 1907 609 1967 neque
624 1886 706 1947 euim
719 1888 821 1948 minor
834 1888 976 1948 haeserat
988 1887 1060 1947 illisv

164 1982 251 2056 Quos
265 1983 365 2063 operit
378 1984 492 2064 glacies
506 1983 661 2044 Maeotica
674 1993 827 2064 ruptaque
841 1986 969 2046 tandem

162 2079 287 2141 Solibus
302 2081 432 2141 effundit
446 2089 479 2141 to
517 2081 598 2141 entis
611 2081 652 2141 ad
667 2082 746 2142 ostia
759 2081 864 2156 Ponti,

162 2176 292 2252 Desidia
306 2178 412 2239 tardos
425 2186 457 2238 et
472 2178 566 2258 longo
579 2179 692 2258 frigore
706 2179 845 2258 pingues.

161 2273 309 2334 Destinat
322 2276 383 2334 hoo
397 2283 569 2335 monstrum
583 2276 712 2354 cymbae
727 2275 843 2355 linique
858 2277 1006 2358 magister

162 2369 309 2431 Pontifici
323 2390 453 2432 summo.
495 2371 572 2443 Quis
587 2372 669 2433 enim
683 2391 854 2452 proponere
870 2374 967 2434 talem
1078 2395 1082 2402 ·

161 2468 230 2528 Aut
244 2487 346 2528 emere
361 2468 498 2541 auderet,
514 2488 609 2548 quum
621 2470 713 2549 plena
728 2479 760 2530 et
773 2469 865 2530 litora
879 2472 979 2532 multo

159 2563 309 2626 Delatore
322 2565 449 2625 forent?
488 2565 628 2645 Dispersi
642 2568 783 2647 protinus
798 2570 887 2648 algae

160 2660 363 2741 Inquisitores
378 2671 505 2740 agerent
520 2681 590 2723 oum
604 2665 720 2744 remige
733 2636 831 2740 dida

160 2757 235 2820 Non
250 2759 421 2820 dubitaturi
433 2758 600 2838 fugitivum
615 2762 717 2822 dicere
731 2762 847 2843 piscem

159 2854 392 2934 Depastumque
407 2855 461 2915 diu
474 2855 593 2918 vivaria
608 2849 765 2935 Caesaris3
785 2860 857 2921 inde

159 2951 308 3032 Elapsum
322 2962 459 3014 veterem
476 2954 515 3014 ad
530 2955 690 3016 dominum
705 2957 817 3018 debere
832 2958 954 3020 reverti.

161 3049 195 3110 si
209 3050 283 3130 quid
298 3049 444 3125 Palfurio,
460 3051 486 3112 si
501 3052 654 3113 oredimus
668 3053 844 3130 Armillato,

159 3145 321 3226 Quidquid
335 3147 536 3226 conspicuum
549 3150 751 3232 pulcrumque
766 3145 813 3211 est
828 3171 959 3232 aequore
973 3162 1043 3214 toto

158 3243 223 3304 Res
236 3242 302 3303 fisci
316 3252 364 3304 est
378 3246 554 3326 ubicunque
568 3255 664 3306 natat.
705 3247 882 3308 Donabitur
896 3267 970 3329 ergo

157 3339 209 3400 Ne
223 3350 338 3420 pereat.
379 3342 401 3403 J
402 3362 452 3402 arn
466 3343 586 3403 letifero
601 3342 731 3404 cedente
744 3343 862 3423 pruinis

157 3436 331 3512 Autumno,
346 3437 414 3514 jam
428 3448 611 3518 quartanam
625 3440 818 3518 sperantibus
834 3441 941 3522 aegris,

160 3532 320 3595 Stridebat
334 3533 478 3644 diffinis
492 3535 590 3596 hiems
603 3537 811 3618 praedamque
826 3546 983 3598 recentem

28 3600 271 3694 auratas„
