2598 4170
149 338 192 402 14
453 357 488 404 n.
511 356 615 404 cumr
636 354 843 404 uuvnunnrs

148 520 236 580 Haec
249 521 436 582 Asianorum
450 531 556 582 vetera
570 542 645 582 orna
678 529 752 582 enta
765 520 902 596 deorum,

148 616 210 676 Hic
224 617 317 678 libros
332 617 419 677 dabit
433 626 464 678 et
478 618 593 679 forulos
606 638 638 677 m
742 627 800 696 que
814 617 997 694 Minervam,

147 713 209 773 Hic
223 713 361 773 modium
376 713 514 793 argenti:
535 713 663 774 meliora
676 723 709 774 et
722 714 812 793 plura
825 715 947 794 reponit
1053 765 1057 772 .

68 800 289 966 Qssersicus
303 811 447 871 orborum
462 810 657 884 lautissimus,
673 819 706 872 et
719 810 830 870 merito
842 812 856 891 j

172 916 315 986 nspectus
329 917 477 986 tanquam
489 906 555 986 ipse
570 925 639 967 suas
653 907 826 988 incenderit
840 911 940 972 aedes.

147 1004 181 1064 si
194 1014 283 1083 potes
298 1003 390 1063 avelli
404 1003 606 1078 Circensibus,
621 1003 739 1082 optima
754 1005 849 1067 Sorae

145 1101 213 1160 Aut
228 1099 425 1161 Fabrateriae
440 1100 550 1160 domus
565 1108 619 1160 aut
634 1099 805 1163 Frusinone
819 1039 953 1185 psrat'u'rss
991 1089 1031 1130 ..t

146 1197 265 1269 Quanti
278 1217 359 1257 nunc
373 1197 516 1257 tenebras
531 1217 627 1257 unum
642 1199 788 1261 conducis
803 1202 835 1261 in
856 1223 979 1264 annum.

145 1294 297 1354 Hortulus
311 1293 361 1354 hic
375 1305 547 1374 puteusque
560 1295 662 1356 brevis
677 1317 734 1358 nec
748 1309 828 1360 reste
843 1303 1014 1364 movendus

143 1391 182 1451 In
197 1401 305 1451 tenues
318 1391 440 1470 plantas
453 1390 534 1451 facili
549 1391 732 1454 diffunditur
745 1396 865 1457 haustu.

142 1490 225 1551 Vive
239 1489 374 1549 bidentis
389 1509 495 1550 amans
509 1498 541 1550 et
555 1490 630 1551 culti
645 1491 764 1554 villicus
778 1494 868 1570 horti,

143 1587 239 1649 Unde
253 1589 379 1667 epulum
393 1587 490 1668 possis
505 1597 630 1648 centum
644 1589 718 1649 dare
732 1590 946 1672 Pythagoreis.

142 1685 200 1745 Est
215 1685 340 1765 aliquid,
356 1705 539 1766 quocunque
552 1686 631 1760 loco,
646 1706 829 1769 quocunque
842 1710 973 1768 recessu,

142 1783 245 1846 Unius
260 1804 324 1845 sese
340 1784 499 1844 dominum
513 1783 620 1863 fecisse
634 1785 682 1845 lac
701 1794 775 1846 rtae.

181 1883 337 1944 Plurimus
350 1883 401 1943 bic
415 1903 506 1963 aeger
519 1883 649 1943 moritur
662 1805 838 1964 viffillrtdb:
859 1885 914 1945 sed
928 1885 1016 1948 illum

140 1981 334 2062 Languorem
348 1982 469 2062 peperit
483 1981 569 2042 cibus
582 1980 779 2060 imperfectus
794 1990 826 2042 et
840 1983 970 2044 haerens

140 2080 275 2141 Ardenti
289 2082 457 2143 stomacho.
499 2079 583 2139 Nam
598 2099 675 2159 quae
690 2079 848 2170 meritoria
861 2100 1004 2142 somnum

139 2178 349 2238 Admittunt?
389 2177 512 2258 Magnis
528 2177 635 2256 opibus
651 2176 802 2238 dormitur
815 2176 848 2238 in
862 2177 958 2239 Urbe.

139 2275 218 2337 Inde
233 2286 325 2356 caput
338 2277 446 2336 morbi.
488 2274 667 2335 Rbedarum
681 2274 830 2334 transitus
845 2283 912 2335 arto

138 2372 288 2434 Vicorum
302 2375 418 2434 inflexu
432 2382 464 2434 et
478 2372 587 2434 stantis
602 2370 740 2432 convicia
753 2365 973 2460 mandraellaq.

138 2469 281 2550 Eripicnt
295 2491 436 2532 somnum
450 2470 553 2530 Druso
568 2469 732 2548 vitulisque
747 2468 880 2530 marinis.

139 2567 174 2628 Si
187 2580 279 2630 vocat
293 2571 435 2644 officium,
449 2570 540 2630 turba
553 2570 683 2630 cedente
697 2569 828 2646 vehetur

137 2664 234 2726 Dives
248 2676 280 2726 et
294 2668 414 2750 ingenti
430 2674 531 2726 curret
546 2685 637 2745 super
650 2685 704 2727 ora
717 2645 864 2742 L‘iburnti,
874 2624 929 2699 A&

137 2762 243 2842 Atque
258 2751 358 2844 obiiti
371 2764 455 2844 leget
470 2771 524 2822 aut
538 2763 650 2824 scribet
664 2764 715 2824 vel
730 2764 862 2824 dormiet
876 2763 968 2840 intus,

137 2858 280 2940 Namque
294 2860 367 2920 facit
382 2879 523 2937 somnum
537 2861 640 2920 clausa
653 2860 763 2921 lectica
776 2861 917 2922 fenestra.

136 2957 222 3017 Ante
236 2968 340 3018 tamen
356 2958 477 3018 veniet:
498 2957 586 3017 nobis
599 2957 833 3036 properantibus
848 2959 951 3034 obstat

136 3052 232 3115 Unda
244 3055 337 3134 prior,
352 3074 466 3134 magno
480 3053 612 3134 populus
626 3052 738 3132 premit
752 3055 874 3141 agmine
888 3056 1009 3117 lumbos

136 3149 199 3222 Qui
213 3151 370 3231 seqnitur3
391 3150 462 3211 ferit
476 3149 526 3210 hic
541 3148 654 3222 cubito,
670 3148 740 3208 ferit
755 3170 854 3210 assere
869 3152 948 3212 duro

134 3247 235 3322 Alter,
250 3259 283 3308 at
296 3248 347 3309 hic
360 3248 484 3329 tignum
498 3245 592 3324 capiti
605 3245 725 3320 incutit,
739 3246 791 3306 ille
804 3257 976 3309 metretam.

135 3343 269 3424 Pinguia
284 3363 372 3405 crura
385 3346 460 3418 luto,
475 3343 583 3423 planta
597 3361 670 3401 mox
684 3342 819 3422 undique
833 3363 948 3425 magna

135 3440 253 3516 Oalcor,
268 3442 344 3502 etin
359 3441 458 3521 digito
473 3441 578 3499 clavus
592 3438 668 3497 mihi
681 3438 788 3500 militis
802 3441 917 3502 haeret.

134 3535 249 3598 Nonne
263 3538 350 3598 vides
365 3547 481 3617 quanto
495 3535 667 3596 celebretur
680 3536 817 3615 sportula
829 3536 938 3599 furno?
