2598 4170
541 369 678 418 sarran
699 369 755 418 111.
1106 352 1147 417 11

143 536 235 596 Solus
248 517 353 596 habet.
392 535 426 595 N
427 525 476 596 am
491 536 720 616 quumkfacilem
735 533 863 596 stillavit
876 533 908 593 in
924 553 1028 595 aurem

141 597 300 712 Exigdctn
314 631 353 692 de
367 643 494 693 naturae
507 633 687 712 patriaeque
701 651 830 705 veneno,

141 730 265 790 Limine
279 749 492 804 summoveor3
512 730 669 810 perierunt
684 738 824 808 tempora
838 728 923 808 longi

143 825 279 887 Servitii.
320 825 483 906 Nusquam
497 827 597 886 minor
610 835 658 886 est
674 826 798 905 jactura
811 823 940 884 clientis.
1103 839 1149 886 125

184 920 278 993 Quod
291 941 382 1002 porro
397 922 538 996 officium,
552 942 591 982 ne
605 922 694 982 nobis
707 920 856 994 blandiar,
872 929 925 979 aut
939 921 1024 1000 quod

143 1019 293 1099 Pauperis
308 1020 358 1080 hic
372 1021 525 1092 meritum,
539 1019 565 1079 si
579 1029 666 1080 curet
679 983 770 1078 rlddbe
784 1027 910 1096 togatus

144 1117 284 1192 Currere,
300 1137 395 1197 quum
408 1126 533 1197 praetor
546 1117 687 1176 lictorem
701 1115 840 1195 impellat
854 1123 886 1174 et
900 1115 944 1174 ir'e

144 1213 350 1294 Praecipitem
367 1214 478 1294 jubeat
493 1214 611 1274 dudum
625 1213 826 1293 vigilantibus
840 1210 930 1286 orbis,

143 1310 195 1371 Ne
209 1311 293 1390 prior
306 1310 455 1372 Albinam
468 1319 499 1371 et
512 1310 652 1372 Modiam
667 1310 785 1389 collega
799 1309 935 1369 salutet?
1104 1324 1150 1371 130

88 1477 90 1481 ¹
106 1378 153 1486 s
143 1407 261 1467 Divitis
275 1407 326 1466 hic
340 1407 421 1468 servi
435 1407 552 1468 claudit
566 1409 647 1468 latus
661 1407 866 1487 ingenuorum

144 1503 261 1562 Filius:
283 1503 361 1563 alter
375 1504 457 1564 enim
472 1513 621 1583 quantum
636 1504 668 1563 in
682 1504 804 1582 legione
818 1504 933 1564 tribuni

144 1599 313 1678 Accipiunt
328 1600 425 1661 donat
440 1600 587 1661 Calvinae
601 1601 652 1660 vel
667 1601 824 1673 Catienae,

144 1697 194 1759 Ut
208 1697 303 1757 semel
317 1707 410 1778 atque
424 1697 537 1758 iterum
550 1718 642 1778 super
655 1698 741 1758 illam
755 1698 903 1778 palpitet:
924 1707 957 1759 at
970 1709 1014 1774 tu,

15 1869 20 1878 Ι
102 1839 105 1842 -
145 1793 253 1867 Quum
267 1795 323 1856 tibi
338 1796 444 1856 vestiti
456 1796 550 1858 facies
564 1796 656 1858 scorti
669 1798 780 1877 placet,
795 1798 902 1858 haeres

145 1892 190 1954 Et
203 1893 405 1954 dubitas'alta
421 1894 559 1956 Chionen
573 1895 727 1956 deducere
741 1895 824 1955 sella.
838 1871 876 1980 J

146 1991 198 2053 Da
210 2001 324 2052 testem
337 1991 456 2054 Romae
470 2003 536 2054 tam
550 2003 692 2055 sanctum
705 2013 798 2074 quarn
812 1993 872 2054 suit
884 1994 995 2075 hospes

145 2089 292 2151 Numinis
305 2089 410 2165 ldaei3
430 2092 579 2172 procedat
592 2094 642 2153 vel
656 2093 762 2153 Numa
775 2093 826 2152 vel
840 2093 893 2173 qui

147 2189 291 2252 Servavit
305 2191 458 2271 trepidam
472 2192 614 2272 flagranti
629 2213 667 2253 ex
682 2191 757 2252 aede
771 2189 965 2267 Minervam3

146 2286 295 2348 Protinus
309 2289 354 2354 ad¹
363 2309 498 2365 censum,
513 2291 551 2350 de
566 2291 701 2352 moribus
714 2290 824 2350 ultima
836 2289 891 2350 fiet

147 2383 314 2456 Quaestio:
335 2393 441 2466 “quot
454 2389 553 2468 pascit
566 2390 695 2450 servos?
717 2397 794 2469 quot
808 2387 945 2467 possidet
959 2387 1024 2466 agri

144 2480 167 2542 J
169 2483 285 2562 ugera?
305 2503 399 2563 quam
413 2485 511 2546 multa
524 2506 697 2567 magnaque
711 2483 874 2566 paropside
888 2493 999 2544 coenat
1009 2485 1023 2543 l
1033 2482 1050 2512 ’'

147 2577 308 2651 Quantum
323 2582 450 2661 quisque
465 2602 520 2642 sua
533 2590 730 2644 nummorum
745 2590 847 2643 servat
861 2581 892 2640 in
910 2599 980 2640 area

146 2675 283 2737 Tantum
296 2679 392 2739 habet
406 2688 438 2739 et
451 2679 533 2740 fidei.
572 2680 595 2741 J
597 2701 664 2740 ures
678 2681 751 2741 licet
765 2690 797 2742 et
813 2679 1047 2740 Samothracum
1156 2726 1159 2732 .

145 2770 190 2833 Et
203 2783 379 2834 nostrorum
393 2793 460 2835 aras
475 2786 671 2837 contemnere
684 2777 812 2837 firlmina
824 2793 941 2857 pauper

147 2867 294 2930 Creditur
308 2880 400 2950 atque
415 2872 499 2948 deos,
514 2872 561 2934 dis
576 2873 805 2952 ignoscentibus
819 2873 901 2952 ipris.
981 2863 985 2868 ¹

146 2962 240 3039 Quid,
255 2965 338 3045 quod
352 2966 513 3027 materiam
527 2970 654 3047 praebet
669 2986 834 3048 causasque
849 2969 992 3048 jocorum

147 3060 299 3121 Omnibus
313 3062 363 3122 hio
376 3062 468 3137 idem,
483 3064 509 3123 si
520 3065 611 3125 foeda
625 3075 656 3127 ct
671 3057 764 3126 scissa
777 3031 907 3142 ladem,

147 3156 179 3217 Si
194 3167 270 3236 toga
284 3158 441 3218 sordidula
455 3169 502 3220 est
516 3169 548 3221 et
561 3173 653 3240 rupta
667 3164 786 3224 calceus
801 3165 878 3224 alter

144 3253 233 3314 Pelle
247 3261 354 3333 patet:
375 3255 426 3315 vel
439 3254 464 3316 si
479 3267 609 3318 consuto
622 3259 750 3319 vulnere
764 3279 899 3319 crassum

144 3350 251 3429 Atque
266 3369 373 3412 reeens
386 3352 484 3412 linum
499 3355 635 3414 ostendit
650 3376 712 3415 non
727 3375 788 3414 una
802 3356 938 3416 cicatrix.

145 3446 198 3507 Nil
212 3447 307 3506 habet
321 3446 426 3507 infelix
440 3459 605 3529 paupertas
619 3451 724 3511 durius
738 3451 769 3510 in
785 3472 817 3512 se

145 3541 249 3615 Quam
264 3543 349 3622 quod
362 3544 507 3606 ridiculos
520 3547 659 3606 homines
673 3547 754 3608 facit.
796 3556 813 3586 “
824 3548 950 3622 Exeat‚”
964 3549 1072 3629 inquit,
