2598 4170
199 384 242 451 52
504 401 539 448 n.
563 401 667 450 Junn
688 397 896 450 sumanus

200 567 262 628 Sed
277 566 376 647 qualis
390 567 502 628 rediit?
522 587 633 646 nempe
649 587 711 626 una
724 585 813 639 nave,
829 565 963 627 cruentis
1165 582 1212 628 185

198 663 380 738 Fluctibua'
385 682 421 724 ao
434 659 525 723 tarda
537 683 593 742 per
607 663 703 724 densa
717 662 868 722 cadavera
881 681 981 742 prora.

199 759 265 821 Has
279 760 372 822 toties
387 769 496 839 optata
510 759 614 839 exegit
627 759 726 839 gloria
738 759 869 838 poenas!

238 863 255 894 “
264 856 314 916 Da
328 856 463 936 spatium
477 855 571 929 vitae,
585 856 701 916 multos
715 855 764 929 da,
777 854 800 916 J
802 855 931 934 upplter,
947 857 1090 917 annosP'

57 941 149 1043 μάχῃ.
199 952 268 1014 Hoc
282 963 366 1013 recto
382 953 480 1025 vultu,
494 951 595 1012 solum
608 952 668 1012 hoo
682 959 714 1010 et
727 951 861 1030 pallidus
875 962 972 1032 optas.

200 1049 262 1110 Sed
277 1069 369 1130 quam
383 1049 538 1112 continuis
552 1060 584 1110 et
599 1047 722 1128 quantis
736 1049 830 1128 longa
843 1058 985 1111 senectus
1164 1068 1211 1114 190

198 1147 296 1206 Plena
310 1147 413 1208 malis!
455 1146 635 1206 Deformem
649 1153 682 1205 et
695 1152 811 1204 tetrum
827 1155 899 1206 ante
914 1147 1017 1208 omnia
1031 1149 1162 1209 vultum
1261 1194 1267 1204 ι

197 1244 445 1324 Dissimilemque
459 1244 515 1318 sui,
530 1243 697 1304 deformem
712 1262 768 1322 pro
783 1251 854 1302 oute
867 1243 980 1322 pellem
1117 1269 1169 1362 p
1184 1209 1254 1284 Ἢ
1274 1291 1275 1300 ,

198 1341 435 1420 Pendentesque
449 1361 544 1421 genas
558 1349 590 1400 et
604 1341 682 1400 tales
697 1358 751 1418 asp
753 1337 762 1396 ἰ
782 1359 798 1400 e
730 1359 913 1420 rugas,
989 1399 1034 1446 r

199 1437 322 1512 Quales,
337 1437 518 1498 umbriferos
532 1436 584 1498 ubi
598 1436 769 1518 pandite
793 1440 864 1496 rba
877 1420 1015 1514 saltus?

197 1531 237 1593 In
251 1533 356 1593 vetula
370 1534 479 1613 scalpit
488 1535 556 1614 jam
569 1543 669 1594 mater
684 1534 773 1594 simia
786 1535 892 1595 bucca
955 1535 960 1544 '

198 1629 336 1690 Plurima
350 1639 422 1690 sunt
431 1631 583 1710 juvenum
597 1630 792 1692 discrimina:
813 1631 948 1711 pulcrior
961 1631 1013 1693 ille

198 1725 277 1800 Hoc,
292 1735 383 1806 atque
397 1727 449 1787 ille
463 1727 540 1802 alio;
561 1728 694 1788 multum
707 1728 758 1788 hio
772 1728 927 1788 robustior
940 1727 1012 1790 illo:

197 1820 272 1883 Una
286 1841 394 1881 senum
407 1823 508 1900 facies,
523 1844 593 1884 oum
608 1844 684 1884 voce
698 1824 864 1885 trementia
879 1827 1016 1888 membra

197 1917 240 1978 Et
250 1919 316 1997 jam
330 1920 398 1979 leve
412 1929 506 1998 caput
519 1919 697 2000 madidique
711 1921 841 1982 infantia
857 1922 932 1984 nasi.

197 2014 400 2094 Frangendus
413 2016 526 2077 misero
539 2016 667 2106 gingiva
681 2018 769 2098 panis
783 2019 902 2081 inermi.

196 2110 306 2198 Usque
321 2111 399 2172 adeo
413 2113 515 2192 gravis
529 2114 618 2172 uxori
633 2115 774 2194 natisque
789 2081 916 2198 alffius,
986 2171 988 2175 .

196 2207 245 2270 Ut
260 2209 409 2288 captatori
423 2221 547 2271 moveat
561 2211 685 2272 fastidia
700 2213 805 2274 Oosso.

96 2355 100 2362 .
195 2305 270 2366 Non
285 2305 393 2366 eadem
407 2306 472 2367 vini
487 2315 579 2386 atque
594 2308 654 2368 eibi
668 2317 811 2388 torpente
826 2312 931 2391 palato

196 2401 318 2462 Gaudia
327 2381 429 2511 (narn
441 2403 542 2467 coitus
550 2405 616 2484 jam
631 2405 726 2485 longa
740 2407 873 2484 oblivi03
895 2411 946 2471 vel
960 2409 986 2472 si
1274 2481 1275 2484 Ἴ

196 2499 333 2574 Generis,
342 2499 428 2580 jacet
443 2500 572 2580 exiguus
587 2521 657 2574 oum
671 2500 785 2564 lamiae
800 2525 921 2581 nervus,
1153 2525 1205 2572 205
1274 2507 1275 2554 1

195 2593 238 2655 Et
253 2596 474 2674 quamvistota
487 2597 631 2678 palpetur
644 2609 737 2660 nocte
752 2601 878 2682 jacebit.

193 2691 287 2750 Anne
302 2691 419 2771 aliquid
433 2713 553 2772 sperare
567 2705 671 2774 potest
685 2698 762 2758 haee
777 2697 913 2780 inguinis
927 2699 1011 2780 aegri

195 2787 354 2848 Canities?
376 2789 459 2868 quid,
474 2791 558 2869 quod
573 2792 682 2854 merito
698 2805 841 2874 suspecta
854 2796 950 2858 libido
965 2804 1012 2870 est

195 2882 283 2955 Quae
297 2883 454 2945 Venerem
469 2886 631 2948 affectat
608 2909 673 2949 sine
687 2890 813 2952 viribus.
853 2892 968 2972 Aspice
981 2873 1078 2972 partis

193 2979 287 3040 Nunc
303 2980 449 3041 damnum
464 2967 700 3070 alterifflnam
715 3007 793 3067 quae
808 2999 954 3050 cantante
968 2989 1122 3069 voluptas,
1151 3005 1202 3053 210

195 3077 242 3136 Sit
255 3076 329 3138 licet
343 3078 472 3140 eximius
488 3081 684 3143 citharoedus
699 3085 777 3145 sitve
794 3085 949 3161 Seleucus,

61 3157 148 3264 adar,
193 3173 236 3233 Et
251 3175 360 3254 quibus
375 3187 482 3238 aurata
496 3199 563 3239 mos
578 3189 626 3240 est
639 3181 757 3260 fulgere
771 3183 916 3244 lacerna?

193 3267 277 3340 Quid
291 3269 384 3331 refert
398 3293 503 3383 magnr
494 3273 624 3334 sedeat
639 3294 699 3354 qua
712 3271 800 3356 parte
814 3277 935 3352 theatri,

192 3362 297 3435 Qui'
268 3385 322 3424 vrx
336 3368 506 3429 cornicines
521 3370 667 3431 exaudiet
681 3379 773 3452 atque
787 3374 932 3434 tubarum
1274 3445 1275 3454 χ

192 3460 391 3525 Concentus?
412 3466 544 3525 clamore
559 3485 634 3545 opus
649 3475 696 3528 est
710 3479 746 3529 ut
760 3471 873 3530 sentiat
887 3469 976 3530 auris
1150 3488 1198 3537 215
1274 3461 1275 3470 ἵ

191 3554 294 3626 Quem
308 3559 391 3620 dicat
405 3560 526 3621 venisse
540 3581 625 3640 puer,
641 3574 718 3644 quot
731 3567 857 3627 nunciet
871 3567 971 3629 horas.
