2598 4170
498 397 634 446 suumn
656 399 693 446 x.
1066 383 1107 448 53

691 481 695 488 ·
893 477 915 522 a

98 566 272 627 Praeterea
286 564 435 625 minimus
444 564 548 646 gelido
557 565 624 643 jam
639 564 670 624 in
685 583 812 644 corpore
827 566 953 647 sanguis

99 663 204 724 Febre
219 663 300 722 calet
314 663 396 738 sola3
416 661 594 722 circumsilit
609 661 730 741 agmine
744 663 827 722 facto

100 759 286 836 Morborum
301 779 391 819 omne
405 778 512 838 genus,
528 778 658 837 quorum
672 757 698 818 si
712 759 837 819 nomina
851 779 987 839 quaeras,

100 855 285 936 Promptius
300 833 554 964 expediamffiuot
568 853 719 914 amaverit
733 854 849 934 Hippia
865 833 1035 934 moechos)
1060 871 1107 919 220

102 952 190 1024 Quot
204 951 373 1012 Themison
388 969 497 1032 aegros
511 961 659 1011 autumno
675 951 822 1012 occiderit
837 973 907 1026 uno,

102 1048 190 1120 Quot
204 1047 327 1108 Basilus
341 1014 449 1122 addes,
464 1057 539 1157 quot
554 1048 823 1162 circumscripserit
837 1048 947 1110 Hirrus

48 1157 71 1245 ’ζ
102 1145 344 1255 PupillosQuot
359 1144 495 1224 longa
467 1165 550 1205 viros
565 1109 726 1204 exshiheat
742 1165 804 1206 uno

100 1243 214 1303 Maura
229 1241 288 1317 die,
303 1250 379 1320 quot
394 1239 558 1320 discipulos
572 1241 700 1301 inclinet
714 1209 902 1317 Hamillus?

101 1340 287 1400 Percurram
301 1339 392 1399 citius
407 1348 482 1419 quot
496 1339 585 1399 villas
598 1339 754 1419 possideat
768 1360 850 1399 nunc

102 1437 176 1510 Quo
191 1438 340 1497 tondente
354 1436 458 1517 gravis
467 1437 578 1515 juveni
592 1436 666 1496 mihi
680 1437 775 1496 barba
790 1437 927 1498 sonabat.

101 1535 161 1596 Ille
175 1534 312 1608 humero,
326 1534 376 1594 hic
390 1534 512 1607 lumbis,
527 1533 577 1592 hic
592 1553 668 1593 coxa
683 1533 810 1608 debilis;
832 1534 937 1596 ambos

102 1631 246 1692 Perdidit
260 1631 312 1690 ille
328 1631 432 1691 oculos
447 1613 484 1690 et⁰
493 1630 584 1690 luscis
598 1630 734 1691 invidet·
757 1631 848 1710 hujus

101 1728 225 1789 Pallida
238 1727 323 1787 labra
338 1727 440 1787 cibum
454 1727 608 1806 accipiunt
623 1727 713 1806 digiti
782 1728 858 1788 'enis

100 1823 174 1906 Ipse
188 1825 228 1884 ad
243 1833 443 1904 conspectum
458 1843 572 1884 coenae
587 1825 731 1886 diducere
746 1825 857 1886 rictum

103 1924 217 1984 Suetus
230 1922 308 1982 hiat
311 1931 442 1998 tantum,
456 1943 513 1984 ceu
527 1922 629 2002 pullus
636 1897 816 1984 lhrrundmrs
830 1925 870 1984 ad
886 1945 977 2005 quem

101 2021 165 2082 Ore
180 2023 265 2083 volat
278 2023 371 2102 pleno
384 2032 527 2085 mutere
494 2022 538 2102 J'eJ
525 2022 611 2102 juna.
617 2014 629 2089 l
654 2021 716 2083 Sed
731 2023 815 2084 omni

99 2119 313 2181 Membrorum
328 2121 554 2200 damnoymajor
563 2120 733 2196 dementia,
737 2140 825 2200 ,quae
840 2141 897 2183 nec

99 2217 240 2280 Nomina
254 2239 410 2280 servorum
425 2239 483 2280 nec
497 2219 619 2279 vultum
634 2219 774 2300 agnoscit
789 2219 886 2294 amici,

100 2316 183 2378 Cum
198 2337 258 2396 quo
272 2317 441 2396 praeterita
453 2316 595 2376 coenavit
653 2326 711 2406 ote,
725 2336 782 2376 nec
796 2316 864 2376 illos

99 2413 189 2485 Quos
203 2414 319 2492 genuit,
335 2433 411 2493 quos
426 2337 667 2490 eduxffl
745 2414 789 2474 'ce
805 2432 980 2563 saevo

98 2509 241 2570 Heredes
255 2518 342 2570 vetat
357 2529 422 2571 esse
437 2529 525 2585 suos3
538 2509 640 2570 bona
643 2519 711 2570 tota
725 2463 980 2570 lemurum(

97 2606 154 2666 Ad
169 2606 315 2669 Phialen:
336 2615 459 2667 tantum
474 2607 598 2667 artificis
612 2608 695 2668 valet
709 2607 822 2668 halitus
837 2607 905 2682 oris,

98 2702 195 2774 Quod
209 2712 339 2764 steterat
352 2703 481 2764 multis'
472 2723 504 2762 ιιι
520 2665 640 2763 cllidum
655 2704 779 2777 fornicis
794 2683 917 2796 annis.)

97 2799 149 2861 Ut
163 2798 289 2880 vigeant
303 2819 410 2860 sensus
425 2799 527 2874 animi,
542 2800 683 2860 ducenda
697 2809 800 2862 tamen
816 2812 887 2862 sunt
1057 2817 1103 2864 240

97 2896 222 2956 Funera
235 2885 386 2970 natorum,
401 2917 495 2975 rogus
509 2897 702 2976 aspiciendus
716 2907 836 2958 amatae

97 2994 249 3075 ConJ'ugis
264 3001 295 3054 et
309 2994 411 3054 fratris
425 2994 594 3073 plenaeque
609 2994 762 3056 sororibus
777 3015 880 3056 urnae.

16 3127 21 3134 ·
96 3091 187 3152 Haec
203 3091 276 3151 data
290 3099 390 3170 po'ena
405 3090 458 3148 diu
473 3089 657 3164 viventibus,
671 3099 706 3150 ut
720 3101 869 3152 renovata

97 3188 229 3267 Semper
243 3187 330 3247 clade
346 3187 456 3247 domus
469 3185 575 3246 multis
588 3186 621 3246 in
634 3187 769 3248 luctibus
782 3188 876 3267 inque

95 3285 256 3364 Perpetuo
269 3302 409 3344 moerore
423 3291 456 3343 et
469 3283 558 3364 nigra
571 3291 658 3343 veste
673 3293 840 3344 senescant.

95 3382 167 3442 Rex
182 3381 300 3466 Pylius,
313 3399 428 3460 magno
443 3380 533 3460 siqui
558 3383 650 3460 quam
665 3380 762 3440 credis
777 3382 924 3456 Homero,

95 3475 286 3558 Exemplum
299 3476 384 3536 vitae
398 3475 488 3536 suita
539 3497 575 3536 rn
593 3484 623 3534 'c
638 3475 799 3538 secundae.

96 3575 189 3638 Felix
202 3573 359 3648 nimirum,
375 3571 428 3652 qui
441 3581 490 3634 tot
503 3593 559 3654 per
572 3573 674 3633 secula
688 3585 821 3636 mortem
