2598 4170
517 359 651 408 suumn
672 360 710 407 x.
1076 343 1118 411 57

92 527 296 588 Paucorum
338 525 498 607 Quidquid
512 527 622 588 melius
636 525 797 607 leviusque
812 525 939 606 putaris,

93 623 296 685 Praebenda
310 632 358 684 est
371 624 476 704 glad-io
490 624 597 703 pulcra
611 623 688 683 haec
703 631 735 682 et
750 622 884 682 eandida
898 622 1011 686 cervix.
1072 639 1119 686 345

143 721 207 781 Nil
221 741 297 801 ergo
311 721 466 800 optabunt
479 719 645 780 homines?
687 719 721 779 Si
737 719 900 780 consilium
913 721 971 796 vis,
1033 739 1040 754 ·

13 847 29 860 ν
96 817 282 878 Permittes
295 817 369 897 ipsis
380 817 558 898 expendere
573 815 750 877 numinibus
764 816 839 895 quid

99 914 287 978 Conveniat
301 915 390 975 nobis
404 915 556 993 rebusque
571 914 612 975 sit
626 907 703 973 utile
718 913 840 975 nostris.

47 1043 52 1048 ·
98 1012 196 1071 Nam
210 1030 267 1090 nro
276 994 424 1090 jdcundis
439 1009 597 1090 aptissima
611 1029 755 1094 quaeque
766 1009 886 1072 dabunt
899 1011 940 1072 di.

100 1107 225 1180 Carior
234 1115 282 1168 est
294 1106 355 1166 illis
369 1107 462 1181 homo
477 1125 569 1187 quam
584 1106 652 1166 sibi.
692 1106 726 1166 N
728 1127 762 1169 os
777 1079 949 1210 anzirdorum
1070 1121 1117 1168 350

101 1205 254 1286 Impulsu
269 1214 301 1267 et
316 1223 407 1265 caeca
420 1223 594 1284 magnaque
609 1204 754 1284 cupidine
769 1205 856 1266 ducti
934 1259 938 1267 f

103 1301 300 1385 Oonjugium
315 1301 450 1382 petimus
464 1309 650 1381 partumque
665 1302 788 1390 uxoris:
810 1313 842 1364 at
859 1287 931 1364 ἰῙΙὶε1

103 1400 236 1460 Notum
249 1398 303 1479 qui
316 1399 404 1478 pueri
418 1399 578 1480 qualisque
592 1399 697 1460 futura
711 1399 751 1460 sit
765 1420 851 1460 uxor.

104 1496 160 1558 Ut
176 1504 282 1557 tamen
297 1505 329 1556 et
342 1512 451 1575 poscas
466 1491 582 1576 aliquid
618 1515 771 1576 oveasquc
786 1497 905 1557 sacellis

105 1551 197 1654 &aa
211 1602 244 1654 et
258 1592 416 1654 oanuiuun
431 1577 565 1654 cinnat
678 1585 815 1674 upote,
1069 1605 1117 1652 an

107 1677 276 1752 Orandum
290 1698 387 1751 estut
402 1690 444 1752 sit
457 1710 545 1751 mens
559 1691 679 1752 sanein
693 1710 820 1770 corpore
835 1709 928 1751 sano:

58 1841 60 1848 .
108 1790 243 1850 Fortem
255 1807 350 1868 posce
366 1788 504 1870 animum
518 1787 626 1848 mortis
640 1797 758 1848 terrore
772 1795 938 1862 carentem,

68 1878 71 1884 Δ
111 1886 179 1960 Qui
192 1873 425 1966 spatiuffi‘vitae
440 1873 612 1945 entremum
626 1884 709 1944 inter
722 1904 851 1945 munera
863 1892 961 1963 ponat

107 1984 265 2061 Naturae,
282 1981 334 2063 qui
348 1981 427 2042 ferro
442 1990 535 2068 queat
592 1973 747 2060 oscunqdc
760 1973 890 2056 labores,
897 1955 1209 2092 hymnam

97 2057 243 2160 &Nesciat
257 2079 356 2155 irasci,
371 2078 476 2160 cupiat
490 2001 622 2234 nihffet
634 2077 770 2157 potiores
858 2144 861 2150 ,
1071 2091 1119 2139 300

113 2179 258 2258 Herculis
274 2165 435 2264 aerumnas
449 2175 540 2236 creda
570 2193 738 2253 saevosque
751 2172 872 2234 labores

113 2280 158 2342 Et
172 2280 296 2340 Venere
311 2283 343 2337 et
360 2273 464 2336 coenis
478 2281 511 2350 et
525 2271 632 2351 pluma
641 2269 858 2350 Sardanapali.

112 2377 257 2439 Monstro
272 2374 356 2457 quod
369 2373 436 2453 ipse
450 2369 508 2432 tibi
521 2367 620 2448 possis
635 2368 725 2427 dare:
746 2366 856 2428 semita
870 2375 953 2428 certe

114 2473 315 2555 Tranquillae
329 2491 385 2552 per
398 2470 548 2531 virtutem
562 2471 652 2545 patet
665 2463 755 2524 unica
768 2463 861 2524 vitae.

114 2572 246 2634 Nullum
260 2535 483 2668 numenfaiiedd
492 2564 519 2626 si
533 2562 573 2624 sit
587 2559 775 2621 Prudentia:
795 2579 853 2622 nos
866 2568 907 2637 te,
945 2565 1055 2625 ,βάλω
1072 2575 1120 2623 365

114 2669 183 2733 Nos
195 2667 336 2744 mamus,
350 2664 499 2740 Fortuna,
515 2661 607 2722 deam
621 2657 768 2739 caeloque
781 2657 927 2719 locamus.
