2598 4170
435 440 440 442 .
528 402 664 452 sATIRA
686 407 721 456 V.

122 561 267 639 cultello,
282 565 381 628 donec
393 579 522 649 peragat
536 526 653 632 ditiis
666 575 805 654 magistri

121 657 246 720 Omnia.
288 662 320 721 N
322 683 357 724 ec
371 666 500 726 minimo
513 686 586 727 sane
601 668 776 734 discrimine
791 677 892 756 refert,

193 748 201 767 Ι

120 755 299 915 gffltu
315 760 433 838 lepores
448 772 480 822 et
494 784 555 843 quo
569 766 684 845 gallina
697 781 827 836 secetur.

154 874 253 915 ucens
266 856 373 934 planta
388 859 475 919 velot
488 859 568 922 ictus
582 862 622 921 ab
637 863 772 930 Hercule
788 874 896 952 Cacus,
1079 896 1126 942 rat

120 954 163 1014 Et
177 973 292 1034 ponere
306 952 387 1027 foris,
403 955 429 1014 si
443 957 517 1034 quid
533 967 733 1041 temptaveris
749 989 885 1052 unquam

119 1053 259 1125 Hiscere,
273 1054 455 1132 tanquamh
494 1019 623 1119 bdsktria
636 1066 770 1128 nomina.
812 1070 947 1143 Quando
961 1034 1105 1155 pibbinot

118 1153 215 1214 Virro
229 1151 287 1212 tibi
302 1152 456 1245 sumitque
471 1155 533 1215 tuis
549 1169 692 1223 contacta
706 1166 825 1228 labellis

119 1251 262 1312 Pocula?
282 1249 349 1330 quis
365 1263 502 1313 vestrum
517 1260 697 1322 temerarius
711 1284 808 1344 usque
823 1267 910 1342 adeo,
925 1268 992 1348 quis

2 1369 3 1372 ¹
117 1349 274 1423 Perditus,
289 1357 324 1408 ut
339 1348 423 1409 dicat
436 1352 510 1432 regi,
525 1354 596 1415 bibe
662 1359 801 1423 Plurima
816 1374 888 1424 sunt
903 1385 980 1446 quae
1079 1381 1124 1426 130

117 1447 193 1507 Non
209 1447 324 1508 audent
338 1449 477 1512 homines
491 1444 618 1532 beffiae
631 1446 733 1519 dicere
744 1461 845 1522 laena.

118 1544 355 1625 Quadringenta
369 1547 427 1607 tibi
442 1549 467 1609 si
480 1550 548 1629 quis
563 1552 639 1614 deus
654 1564 708 1615 aut
723 1556 829 1618 similis
844 1559 891 1620 dis

116 1647 162 1706 Et
176 1645 283 1706 melior
296 1644 366 1704 fatis
382 1646 521 1747 donaret)
527 1649 701 1725 homuncio,
716 1664 850 1732 quantus

116 1743 167 1802 Ex
182 1743 278 1802 nihilo
292 1743 388 1817 fieres,
406 1754 539 1824 quantus
555 1745 697 1809 Virronis
712 1751 843 1812 amicust
941 1778 1000 1846 Α
1047 1763 1248 1852 Mem-

116 1840 195 1900 “Da
210 1838 338 1900 Trebio!
360 1861 441 1920 pone
457 1843 495 1902 ad
512 1843 678 1906 Trebium!
720 1848 787 1924 Vis,
799 1849 901 1926 frater,
918 1852 956 1912 ab
970 1779 1040 1914 istis⁸
1076 1868 1123 1915 135
1175 1830 1179 1838 ¹

115 1938 214 1998 Ilibus
225 1939 239 1998 ἲ
250 1937 266 1966 ”
308 1936 336 1997 0
352 1940 478 2014 nummi,
494 1942 583 2002 vobis
597 1943 679 2004 hunc
693 1956 830 2024 praestat
845 1949 1002 2025 honorem,

112 2036 184 2097 V-os
199 2036 271 2097 estis
285 2037 402 2098 fratres.
444 2037 597 2100 Dominus
610 2049 714 2102 tamen
730 2052 761 2104 et
777 2044 894 2105 domini
908 2067 961 2107 rex

115 2134 153 2195 Si
165 2134 211 2195 vis
226 2143 261 2194 tu
275 2134 350 2209 fieri,
365 2123 468 2194 nullus
483 2136 539 2195 tibi
554 2139 700 2216 parvulus
715 2140 785 2200 aula

114 2231 239 2293 Luserit
252 2233 384 2307 Aeneas,
401 2253 459 2292 nec
471 2233 536 2358 9119
551 2235 669 2310 dulcior
681 2236 752 2296 illo:
799 2289 802 2296 .

113 2331 135 2392 J
138 2331 296 2392 ucundum
311 2341 342 2391 et
358 2311 676 2394 earunssrtfttts‘faoit
690 2355 768 2395 uxor
780 2337 921 2398 amicum.
1073 2355 1121 2401 140

115 2430 179 2490 Sed
194 2440 248 2491 tua
262 2397 344 2490 ntis
359 2429 475 2508 Migaie
489 2431 589 2508 pariat
603 2431 676 2492 licet
690 2442 722 2492 et
735 2453 846 2512 pueros
861 2443 923 2496 tres

114 2528 152 2588 ln
166 2528 317 2608 gremium
334 2528 430 2607 patris
443 2527 554 2587 fundat
568 2527 667 2603 simul,
681 2530 745 2608 ipse
760 2531 882 2611 loquaci

114 2627 272 2690 Gaudebit
287 2627 381 2701 nido;
405 2625 532 2685 viridem
547 2626 673 2686 thoraca
686 2627 810 2706 jubebit

113 2725 228 2806 Affeni
243 2725 446 2803 minimasque
462 2741 556 2782 nuces
571 2741 729 2804 assemque
743 2735 896 2805 rogatum,

113 2825 168 2885 Ad
182 2845 318 2886 mensam
336 2821 621 2980 quossffiffigjws
636 2822 754 2881 venerit
768 2822 875 2884 infans.
1071 2841 1117 2886 145

71 2930 74 2936 ’
113 2922 238 2983 Vilibus
253 2923 402 3003 ancipites
431 2911 539 3000 ungit
561 2927 673 2978 nentur
686 2919 812 2992 amicis,-

113 3017 243 3080 Boletus
258 3021 404 3095 domin03
427 3019 480 3079 sed
497 3017 602 3098 quales
618 3016 765 3076 Claudius
780 3017 845 3077 odit

112 3117 199 3177 Ante
214 3118 299 3176 illum
316 3117 419 3176 uxoris
435 3125 506 3196 post
521 3135 612 3195 quem
626 3113 675 3176 nili
686 3114 815 3193 amplius
830 3114 903 3175 edit.

112 3215 207 3275 Virro
223 3215 280 3276 sibi
296 3222 327 3274 et
341 3214 466 3294 reliquis
481 3213 666 3274 Virronibus
682 3212 735 3271 illa
746 3211 869 3289 jubebit

112 3312 213 3372 Poma
227 3310 295 3370 dari
310 3331 439 3390 quorum
455 3311 521 3371 solo
534 3309 667 3391 pascaris
682 3309 796 3370 odore:
1071 3325 1116 3370 150
1165 3363 1167 3366 .

114 3407 226 3481 Qualia
238 3415 407 3487 perpetuus
421 3407 596 3467 Phaeacum
612 3417 777 3468 autumnus
791 3404 933 3480 habebat,

114 3505 248 3566 Credere
264 3522 342 3583 quae
356 3503 453 3582 possis
467 3513 607 3583 surrepta
622 3505 776 3566 sororibus
790 3503 894 3564 Afris:

112 3602 164 3663 Tu
178 3601 280 3664 scabie
294 3599 402 3660 frueris
449 3599 497 3674 ali,
512 3601 596 3679 quod
610 3601 640 3661 in
653 3621 765 3683 aggere
779 3599 871 3672 rodit,

172 3684 306 3794 Q
