2598 4170
507 311 644 396 serina
664 349 730 397 vn.

490 1003 653 1066 sauma
679 1003 755 1067 vn.
854 985 860 996 '

118 1181 221 1325 ET
236 1201 306 1265 spes
319 1190 352 1243 et
365 1181 444 1243 ratio
458 1183 633 1243 studiorum
646 1183 680 1242 in
694 1183 825 1244 Caesare
840 1191 981 1244 tantum:
1094 1245 1098 1252 ,

221 1279 313 1340 Solus
327 1279 528 1341 enim't'ris'tes
542 1280 599 1340 hac
613 1289 798 1360 tempestate
814 1279 965 1342 Camenas

116 1375 278 1492 Resppxit,
294 1397 389 1457 quum
402 1377 469 1455 jam
483 1377 618 1438 celebres
632 1377 759 1456 notique
773 1387 883 1455 poetae

115 1449 303 1532 Balndtllm
318 1473 433 1546 Gabiis,
448 1471 567 1533 Romae
582 1473 753 1532 conducere
767 1437 994 1545 furdomum.
1003 1487 1042 1553 aff

115 1569 331 1649 Temptarent,
345 1590 402 1630 nec
416 1570 542 1630 foedum
557 1570 609 1630 alii
622 1589 680 1630 nec
694 1580 783 1648 turpe
797 1580 945 1651 putarent
1101 1588 1122 1633 -t

115 1665 292 1727 Praecones
305 1667 389 1740 fieri;
410 1686 504 1746 quum
519 1665 648 1726 desertis
661 1666 843 1746 Aganippes

116 1761 262 1822 Vallibus
276 1763 411 1824 esuriens
423 1763 573 1844 migraret
586 1763 617 1821 in
632 1729 712 1823 111111
726 1763 802 1824 Clio.

116 1859 202 1920 Nam
216 1859 242 1920 si
255 1860 359 1920 Pieria
373 1860 527 1940 quadrans
540 1859 598 1920 tibi
612 1860 714 1921 nullus
728 1861 761 1921 in
775 1861 884 1924 umba
927 1883 929 1888 ·

116 1956 318 2031 Ostendatur,
334 1976 416 2016 ames
430 1976 542 2016 nomeu
555 1957 735 2046 §rictumque
750 1884 942 2038 Machlffle,

114 2055 160 2117 Et
174 2056 292 2117 vendas
305 2055 372 2136 poti
395 2075 409 2115 s
507 2058 512 2067 “
538 2097 547 2116 r
568 2076 586 2115 1
621 2055 682 2115 uod
699 2057 801 2117 auctio
815 2059 924 2120 vendit
1091 2075 1121 2122 10

116 2154 288 2228 Stantibus,
303 2133 524 2233 oeutlpllcrum
539 2153 685 2233 tripodes,
701 2155 838 2260 ampqpia,
853 2157 954 2233 cistas,

100 2252 284 2330 ‘Alcithoen
300 2249 402 2325 Pacci,
417 2250 540 2311 Thebas
554 2261 586 2311 et
600 2252 699 2313 Terea
713 2252 830 2314 Fausti.

71 2252 99 2479 1
114 2350 187 2412 Hoc
198 2351 297 2424 satius
312 2371 405 2432 quam
419 2351 446 2412 si
459 2352 543 2412 dicas
557 2351 613 2412 sub
628 2351 735 2431 judice
749 2357 766 2388 “
776 2335 880 2427 Vidi,”

116 2449 209 2524 Quod
224 2470 287 2512 non
301 2449 425 2524 vidisti3
445 2451 561 2511 faciant
575 2450 694 2531 equites
708 2448 826 2524 Asiani,
928 2514 945 2537 υ

74 2491 302 2636 χᾮιωιιᾳιιωη
318 2559 351 2611 et
367 2549 473 2630 Cappa
496 2569 566 2610 oces
581 2549 611 2609 fa
629 2549 695 2609 iant
709 2548 889 2629 equitesque
904 2547 1033 2630 Bithyni
1114 2595 1132 2630 4

62 2686 104 2729 Δ
114 2645 227 2706 Altera
240 2666 318 2727 quos
332 2647 417 2707 nudo
432 2656 446 2706 t
479 2620 568 2706 1111111
613 2667 629 2706 1
654 2667 663 2705 1
680 2647 770 2707 'talo

31 2751 36 2760 ”
115 2741 218 2803 Nemo
233 2752 336 2852 tamqn
352 2743 462 2803 studiis
475 2743 731 2822 indignum‘ferre
745 2745 881 2807 laborem

117 2838 254 2920 Cogetur
267 2842 405 2920 posthac,
420 2840 518 2901 nectit
533 2841 707 2920 quicunque
722 2844 841 2904 canoris

115 2934 283 3016 Eloquium
298 2938 405 2998 vocale
420 2936 520 2996 modis
535 2937 716 3018 laurumque
731 2939 1008 3019 momordic-ium
1094 2979 1097 2985 -

115 3031 185 3092 Hoc
200 3034 292 3113 agite,
307 3053 326 3092 o
338 3033 490 3112 juvenes:
512 3033 718 3115 circumspicit
732 3045 765 3096 et
779 3037 917 3098 stimulat
931 3057 986 3098 vos
1087 3052 1119 3114 to

114 3127 341 3210 Materiemque
356 3130 413 3190 sibi
428 3129 525 3189 Ducis
539 3129 734 3209 indulgentia
750 3133 878 3212 quaerit.
1086 3131 1105 3145 ‘

116 3225 150 3286 Si
164 3245 224 3307 qua
239 3225 364 3286 aliunde
377 3235 469 3309 putas
483 3245 587 3285 rerum·
594 3227 808 3305 exspectanda
822 3236 948 3300 tuarum

114 3321 284 3397 Praesidia,
300 3331 393 3400 atque
407 3321 478 3383 ideo
493 3307 618 3381 croceaiie
633 3322 811 3382 membrana
825 3277 1037 3383 tabella‘islff‘s·

114 3416 276 3499 Impletur‚
290 3416 445 3498 lignorum
460 3417 574 3496 aliquid
588 3437 680 3496 posce
696 3417 789 3494 ocius,
804 3429 835 3480 et
851 3438 929 3498 quae

116 3513 285 3596 Componis
295 3503 382 3574 dona
395 3512 536 3587 Veneris,
551 3511 702 3590 Telesine,
716 3515 836 3590 marito,
1087 3530 1118 3580 25
