<?xml version="1.0" encoding="UTF-8"?>
<!DOCTYPE html PUBLIC "-//W3C//DTD XHTML 1.0 Transitional//EN"
    "http://www.w3.org/TR/xhtml1/DTD/xhtml1-transitional.dtd">
<html xmlns="http://www.w3.org/1999/xhtml" xml:lang="en" lang="en">
 <head>
  <title>
</title>
<meta http-equiv="Content-Type" content="text/html;charset=utf-8" />
  <meta name='ocr-system' content='tesseract 3.04.00' />
  <meta name='ocr-capabilities' content='ocr_page ocr_carea ocr_par ocr_line ocrx_word'/>
</head>
<body>
  <div class='ocr_page' id='page_1' title='image "./thirteensatires02hartgoog_0114.png"; bbox 0 0 2604 4160; ppageno 0'>
   <div class='ocr_carea' id='block_1_1' title="bbox 520 384 741 434">
    <p class='ocr_par' dir='ltr' id='par_1_1' title="bbox 520 384 741 434">
     <span class='ocr_line' id='line_1_1' title="bbox 520 384 741 434; baseline 0.005 -1"><span class='ocrx_word' id='word_1_1' title='bbox 520 384 656 434; x_wconf 66' lang='lat' dir='ltr'>§Ama</span> <span class='ocrx_word' id='word_1_2' title='bbox 677 385 741 434; x_wconf 85' lang='lat' dir='ltr'>XV.</span> 
     </span>
    </p>
   </div>
   <div class='ocr_carea' id='block_1_2' title="bbox 122 551 1128 1605">
    <p class='ocr_par' dir='ltr' id='par_1_2' title="bbox 124 551 905 725">
     <span class='ocr_line' id='line_1_2' title="bbox 124 551 905 633; baseline 0.004 -21"><span class='ocrx_word' id='word_1_3' title='bbox 124 552 300 614; x_wconf 80' lang='lat' dir='ltr'>Aedificare</span> <span class='ocrx_word' id='word_1_4' title='bbox 315 552 432 629; x_wconf 88' lang='lat' dir='ltr'>domos,</span> <span class='ocrx_word' id='word_1_5' title='bbox 446 552 576 614; x_wconf 81' lang='lat' dir='ltr'><strong>Laribus</strong></span> <span class='ocrx_word' id='word_1_6' title='bbox 591 553 778 633; x_wconf 81' lang='lat' dir='ltr'>conjungere</span> <span class='ocrx_word' id='word_1_7' title='bbox 792 551 905 615; x_wconf 88' lang='lat' dir='ltr'>nostris</span> 
     </span>
     <span class='ocr_line' id='line_1_3' title="bbox 125 650 843 725; baseline 0.003 -15"><span class='ocrx_word' id='word_1_8' title='bbox 125 650 260 711; x_wconf 89' lang='lat' dir='ltr'>Te&#39;otum</span> <span class='ocrx_word' id='word_1_9' title='bbox 276 650 368 725; x_wconf 86' lang='lat' dir='ltr'>aliud,</span> <span class='ocrx_word' id='word_1_10' title='bbox 382 660 469 712; x_wconf 87' lang='lat' dir='ltr'>tutos</span> <span class='ocrx_word' id='word_1_11' title='bbox 484 650 585 711; x_wconf 89' lang='lat' dir='ltr'>vieino</span> <span class='ocrx_word' id='word_1_12' title='bbox 600 650 706 710; x_wconf 88' lang='lat' dir='ltr'>limine</span> <span class='ocrx_word' id='word_1_13' title='bbox 719 669 843 712; x_wconf 79' lang='lat' dir='ltr'>somnos</span> 
     </span>
    </p>

    <p class='ocr_par' dir='ltr' id='par_1_3' title="bbox 123 746 908 1116">
     <span class='ocr_line' id='line_1_4' title="bbox 123 746 820 826; baseline 0 -18"><span class='ocrx_word' id='word_1_14' title='bbox 123 746 173 808; x_wconf 88' lang='lat' dir='ltr'>Ut</span> <span class='ocrx_word' id='word_1_15' title='bbox 187 746 302 806; x_wconf 84' lang='lat' dir='ltr'>collata</span> <span class='ocrx_word' id='word_1_16' title='bbox 316 747 405 808; x_wconf 87' lang='lat' dir='ltr'>daret</span> <span class='ocrx_word' id='word_1_17' title='bbox 418 747 538 821; x_wconf 81' lang='lat' dir='ltr'>fidncia,</span> <span class='ocrx_word' id='word_1_18' title='bbox 552 756 713 826; x_wconf 75' lang='lat' dir='ltr'>protegere</span> <span class='ocrx_word' id='word_1_19' title='bbox 728 747 820 808; x_wconf 89' lang='lat' dir='ltr'>annis</span> 
     </span>
     <span class='ocr_line' id='line_1_5' title="bbox 123 842 908 924; baseline 0.004 -22"><span class='ocrx_word' id='word_1_20' title='bbox 123 842 262 922; x_wconf 88' lang='lat' dir='ltr'>Lapsum</span> <span class='ocrx_word' id='word_1_21' title='bbox 278 850 332 902; x_wconf 90' lang='lat' dir='ltr'>aut</span> <span class='ocrx_word' id='word_1_22' title='bbox 345 843 465 924; x_wconf 77' lang='lat' dir='ltr'>ingenti</span> <span class='ocrx_word' id='word_1_23' title='bbox 480 853 643 904; x_wconf 81' lang='lat' dir='ltr'>nutantem</span> <span class='ocrx_word' id='word_1_24' title='bbox 658 842 785 904; x_wconf 88' lang='lat' dir='ltr'>vulnere</span> <span class='ocrx_word' id='word_1_25' title='bbox 800 844 908 919; x_wconf 78' lang='lat' dir='ltr'>civem,</span> 
     </span>
     <span class='ocr_line' id='line_1_6' title="bbox 124 939 867 1019; baseline 0.001 -19"><span class='ocrx_word' id='word_1_26' title='bbox 124 939 293 1000; x_wconf 87' lang='lat' dir='ltr'>Communi</span> <span class='ocrx_word' id='word_1_27' title='bbox 308 939 380 999; x_wconf 86' lang='lat' dir='ltr'>dare</span> <span class='ocrx_word' id='word_1_28' title='bbox 395 939 483 1019; x_wconf 85' lang='lat' dir='ltr'>signa</span> <span class='ocrx_word' id='word_1_29' title='bbox 498 941 581 1012; x_wconf 87' lang='lat' dir='ltr'>tuba,</span> <span class='ocrx_word' id='word_1_30' title='bbox 596 940 756 1001; x_wconf 81' lang='lat' dir='ltr'>defendier</span> <span class='ocrx_word' id='word_1_31' title='bbox 769 941 867 1002; x_wconf 91' lang='lat' dir='ltr'>isdem</span> 
     </span>
     <span class='ocr_line' id='line_1_7' title="bbox 123 1036 856 1116; baseline 0.005 -22"><span class='ocrx_word' id='word_1_32' title='bbox 123 1036 276 1116; x_wconf 83' lang='lat' dir='ltr'>Turribus</span> <span class='ocrx_word' id='word_1_33' title='bbox 292 1046 383 1116; x_wconf 89' lang='lat' dir='ltr'>atque</span> <span class='ocrx_word' id='word_1_34' title='bbox 399 1057 461 1096; x_wconf 88' lang='lat' dir='ltr'>una</span> <span class='ocrx_word' id='word_1_35' title='bbox 474 1039 632 1115; x_wconf 76' lang='lat' dir='ltr'>portarium</span> <span class='ocrx_word' id='word_1_36' title='bbox 646 1039 734 1098; x_wconf 75' lang='lat' dir='ltr'>olane</span> <span class='ocrx_word' id='word_1_37' title='bbox 749 1041 856 1100; x_wconf 89' lang='lat' dir='ltr'>teneri.</span> 
     </span>
    </p>

    <p class='ocr_par' dir='ltr' id='par_1_4' title="bbox 122 1133 1128 1506">
     <span class='ocr_line' id='line_1_8' title="bbox 124 1133 885 1216; baseline 0.008 -25"><span class='ocrx_word' id='word_1_38' title='bbox 124 1133 188 1192; x_wconf 88' lang='lat' dir='ltr'>Sed</span> <span class='ocrx_word' id='word_1_39' title='bbox 200 1133 266 1213; x_wconf 87' lang='lat' dir='ltr'>jam</span> <span class='ocrx_word' id='word_1_40' title='bbox 282 1144 459 1213; x_wconf 80' lang='lat' dir='ltr'>serpentum</span> <span class='ocrx_word' id='word_1_41' title='bbox 474 1134 571 1213; x_wconf 86' lang='lat' dir='ltr'>major</span> <span class='ocrx_word' id='word_1_42' title='bbox 585 1136 765 1196; x_wconf 86' lang='lat' dir='ltr'>eoncordia:</span> <span class='ocrx_word' id='word_1_43' title='bbox 786 1137 885 1216; x_wconf 83' lang='lat' dir='ltr'>parcit</span> 
     </span>
     <span class='ocr_line' id='line_1_9' title="bbox 123 1229 1128 1308; baseline 0.006 -19"><span class='ocrx_word' id='word_1_44' title='bbox 123 1229 277 1308; x_wconf 86' lang='lat' dir='ltr'>Cognatis</span> <span class='ocrx_word' id='word_1_45' title='bbox 292 1231 419 1289; x_wconf 83' lang='lat' dir='ltr'>maculis</span> <span class='ocrx_word' id='word_1_46' title='bbox 435 1230 541 1291; x_wconf 84' lang='lat' dir='ltr'>sirnilis</span> <span class='ocrx_word' id='word_1_47' title='bbox 555 1231 626 1292; x_wconf 85' lang='lat' dir='ltr'>fera.</span> <span class='ocrx_word' id='word_1_48' title='bbox 668 1231 802 1304; x_wconf 81' lang='lat' dir='ltr'>Quando</span> <span class='ocrx_word' id='word_1_49' title='bbox 816 1234 898 1294; x_wconf 91' lang='lat' dir='ltr'>leoni</span> <span class='ocrx_word' id='word_1_50' title='bbox 949 1269 951 1272; x_wconf 95' lang='lat'>·</span> <span class='ocrx_word' id='word_1_51' title='bbox 1081 1249 1128 1296; x_wconf 86' lang='lat'>160</span> 
     </span>
     <span class='ocr_line' id='line_1_10' title="bbox 123 1325 948 1412; baseline 0.01 -28"><span class='ocrx_word' id='word_1_52' title='bbox 123 1325 253 1385; x_wconf 79' lang='lat' dir='ltr'>Fortior</span> <span class='ocrx_word' id='word_1_53' title='bbox 268 1326 380 1406; x_wconf 88' lang='lat' dir='ltr'>eripuit</span> <span class='ocrx_word' id='word_1_54' title='bbox 394 1326 490 1386; x_wconf 86' lang='lat' dir='ltr'>vitam</span> <span class='ocrx_word' id='word_1_55' title='bbox 506 1327 577 1387; x_wconf 85' lang='lat' dir='ltr'>leo?</span> <span class='ocrx_word' id='word_1_56' title='bbox 597 1348 658 1408; x_wconf 91' lang='lat' dir='ltr'>quo</span> <span class='ocrx_word' id='word_1_57' title='bbox 673 1349 798 1390; x_wconf 90' lang='lat' dir='ltr'>nemore</span> <span class='ocrx_word' id='word_1_58' title='bbox 813 1351 948 1412; x_wconf 81' lang='lat' dir='ltr'>unquam</span> 
     </span>
     <span class='ocr_line' id='line_1_11' title="bbox 122 1421 794 1506; baseline 0.012 -27"><span class='ocrx_word' id='word_1_59' title='bbox 122 1421 307 1500; x_wconf 80' lang='lat' dir='ltr'>Exspiravit</span> <span class='ocrx_word' id='word_1_60' title='bbox 321 1441 394 1502; x_wconf 91' lang='lat' dir='ltr'>aper</span> <span class='ocrx_word' id='word_1_61' title='bbox 409 1423 533 1502; x_wconf 89' lang='lat' dir='ltr'>majoris</span> <span class='ocrx_word' id='word_1_62' title='bbox 548 1424 692 1485; x_wconf 87' lang='lat' dir='ltr'>dentibus</span> <span class='ocrx_word' id='word_1_63' title='bbox 707 1429 794 1506; x_wconf 81' lang='lat' dir='ltr'>apri?</span> 
     </span>
    </p>

    <p class='ocr_par' dir='ltr' id='par_1_5' title="bbox 123 1517 870 1605">
     <span class='ocr_line' id='line_1_12' title="bbox 123 1517 870 1605; baseline 0.012 -28"><span class='ocrx_word' id='word_1_64' title='bbox 123 1517 236 1578; x_wconf 88' lang='lat' dir='ltr'>Indioa</span> <span class='ocrx_word' id='word_1_65' title='bbox 251 1519 338 1600; x_wconf 88' lang='lat' dir='ltr'>tigris</span> <span class='ocrx_word' id='word_1_66' title='bbox 354 1521 419 1601; x_wconf 88' lang='lat' dir='ltr'>agit</span> <span class='ocrx_word' id='word_1_67' title='bbox 433 1522 539 1581; x_wconf 92' lang='lat' dir='ltr'>rabida</span> <span class='ocrx_word' id='word_1_68' title='bbox 554 1543 624 1583; x_wconf 87' lang='lat' dir='ltr'>oum</span> <span class='ocrx_word' id='word_1_69' title='bbox 635 1523 748 1604; x_wconf 75' lang='lat' dir='ltr'>tigride</span> <span class='ocrx_word' id='word_1_70' title='bbox 762 1545 870 1605; x_wconf 84' lang='lat' dir='ltr'>paoem</span> 
     </span>
    </p>
   </div>
   <div class='ocr_carea' id='block_1_3' title="bbox 7 1615 855 1696">
    <p class='ocr_par' dir='ltr' id='par_1_6' title="bbox 7 1615 855 1696">
     <span class='ocr_line' id='line_1_13' title="bbox 7 1615 855 1696; baseline 0.009 -21"><span class='ocrx_word' id='word_1_71' title='bbox 7 1623 11 1634; x_wconf 93' lang='grc'><strong>’</strong></span> <span class='ocrx_word' id='word_1_72' title='bbox 121 1615 332 1696; x_wconf 84' lang='lat' dir='ltr'>Perpetuam3</span> <span class='ocrx_word' id='word_1_73' title='bbox 354 1619 453 1678; x_wconf 89' lang='lat' dir='ltr'>saevis</span> <span class='ocrx_word' id='word_1_74' title='bbox 467 1619 594 1680; x_wconf 80' lang='lat' dir='ltr'>interae</span> <span class='ocrx_word' id='word_1_75' title='bbox 610 1622 755 1682; x_wconf 81' lang='lat' dir='ltr'>convenit</span> <span class='ocrx_word' id='word_1_76' title='bbox 770 1623 855 1684; x_wconf 91' lang='lat' dir='ltr'>ursis.</span> 
     </span>
    </p>
   </div>
   <div class='ocr_carea' id='block_1_4' title="bbox 119 1715 1129 2681">
    <p class='ocr_par' dir='ltr' id='par_1_7' title="bbox 119 1715 1129 2681">
     <span class='ocr_line' id='line_1_14' title="bbox 120 1715 1129 1785; baseline 0.008 -10"><span class='ocrx_word' id='word_1_77' title='bbox 120 1715 187 1776; x_wconf 87' lang='lat' dir='ltr'>Ast</span> <span class='ocrx_word' id='word_1_78' title='bbox 202 1715 319 1775; x_wconf 91' lang='lat' dir='ltr'>homini</span> <span class='ocrx_word' id='word_1_79' title='bbox 333 1715 447 1779; x_wconf 87' lang='lat' dir='ltr'>ferrum</span> <span class='ocrx_word' id='word_1_80' title='bbox 461 1718 554 1778; x_wconf 89' lang='lat' dir='ltr'>letale</span> <span class='ocrx_word' id='word_1_81' title='bbox 569 1718 680 1779; x_wconf 89' lang='lat' dir='ltr'>inoude</span> <span class='ocrx_word' id='word_1_82' title='bbox 695 1719 828 1779; x_wconf 83' lang='lat' dir='ltr'>nefanda</span> <span class='ocrx_word' id='word_1_83' title='bbox 870 1751 872 1757; x_wconf 94' lang='lat'>·</span> <span class='ocrx_word' id='word_1_84' title='bbox 1081 1736 1129 1785; x_wconf 72' lang='lat'>1615</span> 
     </span>
     <span class='ocr_line' id='line_1_15' title="bbox 122 1813 1048 1895; baseline 0.005 -22"><span class='ocrx_word' id='word_1_85' title='bbox 122 1813 314 1875; x_wconf 87' lang='lat' dir='ltr'>Produxisse</span> <span class='ocrx_word' id='word_1_86' title='bbox 329 1835 439 1895; x_wconf 90' lang='lat' dir='ltr'>paru-m</span> <span class='ocrx_word' id='word_1_87' title='bbox 455 1825 511 1891; x_wconf 87' lang='lat' dir='ltr'>est,</span> <span class='ocrx_word' id='word_1_88' title='bbox 526 1836 619 1895; x_wconf 90' lang='lat' dir='ltr'>quum</span> <span class='ocrx_word' id='word_1_89' title='bbox 635 1826 734 1876; x_wconf 89' lang='lat' dir='ltr'>rastra</span> <span class='ocrx_word' id='word_1_90' title='bbox 748 1827 780 1876; x_wconf 86' lang='lat' dir='ltr'>et</span> <span class='ocrx_word' id='word_1_91' title='bbox 794 1818 912 1878; x_wconf 88' lang='lat' dir='ltr'>saroula</span> <span class='ocrx_word' id='word_1_92' title='bbox 926 1828 1048 1880; x_wconf 86' lang='lat' dir='ltr'>tantum</span> 
     </span>
     <span class='ocr_line' id='line_1_16' title="bbox 123 1911 841 1993; baseline 0.007 -23"><span class='ocrx_word' id='word_1_93' title='bbox 123 1911 256 1971; x_wconf 83' lang='lat' dir='ltr'>Assueti</span> <span class='ocrx_word' id='word_1_94' title='bbox 270 1932 399 1993; x_wconf 90' lang='lat' dir='ltr'>ooquere</span> <span class='ocrx_word' id='word_1_95' title='bbox 414 1923 447 1974; x_wconf 86' lang='lat' dir='ltr'>et</span> <span class='ocrx_word' id='word_1_96' title='bbox 460 1913 567 1973; x_wconf 90' lang='lat' dir='ltr'>marris</span> <span class='ocrx_word' id='word_1_97' title='bbox 583 1933 618 1974; x_wconf 90' lang='lat' dir='ltr'>ao</span> <span class='ocrx_word' id='word_1_98' title='bbox 631 1935 756 1975; x_wconf 89' lang='lat' dir='ltr'>vomere</span> <span class='ocrx_word' id='word_1_99' title='bbox 770 1916 841 1976; x_wconf 87' lang='lat' dir='ltr'>lassi</span> 
     </span>
     <span class='ocr_line' id='line_1_17' title="bbox 121 1997 914 2091; baseline 0.004 -23"><span class='ocrx_word' id='word_1_100' title='bbox 121 2010 284 2081; x_wconf 87' lang='lat' dir='ltr'>Nesoirint</span> <span class='ocrx_word' id='word_1_101' title='bbox 298 2011 389 2091; x_wconf 90' lang='lat' dir='ltr'>primi</span> <span class='ocrx_word' id='word_1_102' title='bbox 403 2001 525 2091; x_wconf 84' lang='lat' dir='ltr'>gladios</span> <span class='ocrx_word' id='word_1_103' title='bbox 540 2012 706 2072; x_wconf 86' lang='lat' dir='ltr'>extendere</span> <span class='ocrx_word' id='word_1_104' title='bbox 722 2011 808 2071; x_wconf 83' lang='lat' dir='ltr'>fabri.</span> <span class='ocrx_word' id='word_1_105' title='bbox 907 1997 914 2006; x_wconf 61' lang='grc'><strong>’</strong></span> 
     </span>
     <span class='ocr_line' id='line_1_18' title="bbox 122 2109 872 2191; baseline 0 -21"><span class='ocrx_word' id='word_1_106' title='bbox 122 2109 304 2190; x_wconf 87' lang='lat' dir='ltr'>Aspicimus</span> <span class='ocrx_word' id='word_1_107' title='bbox 318 2112 448 2190; x_wconf 90' lang='lat' dir='ltr'>populos</span> <span class='ocrx_word' id='word_1_108' title='bbox 464 2131 593 2191; x_wconf 91' lang='lat' dir='ltr'>quorum</span> <span class='ocrx_word' id='word_1_109' title='bbox 608 2131 670 2171; x_wconf 91' lang='lat' dir='ltr'>non</span> <span class='ocrx_word' id='word_1_110' title='bbox 685 2111 795 2171; x_wconf 89' lang='lat' dir='ltr'>suffieit</span> <span class='ocrx_word' id='word_1_111' title='bbox 809 2111 872 2170; x_wconf 90' lang='lat' dir='ltr'>irae</span> 
     </span>
     <span class='ocr_line' id='line_1_19' title="bbox 122 2207 943 2288; baseline 0.002 -21"><span class='ocrx_word' id='word_1_112' title='bbox 122 2207 284 2268; x_wconf 87' lang='lat' dir='ltr'>Ooeidisse</span> <span class='ocrx_word' id='word_1_113' title='bbox 300 2207 441 2287; x_wconf 87' lang='lat' dir='ltr'>aliquem,</span> <span class='ocrx_word' id='word_1_114' title='bbox 457 2208 510 2268; x_wconf 85' lang='lat' dir='ltr'>sed</span> <span class='ocrx_word' id='word_1_115' title='bbox 527 2217 661 2288; x_wconf 82' lang='lat' dir='ltr'>pectora,</span> <span class='ocrx_word' id='word_1_116' title='bbox 675 2207 808 2283; x_wconf 89' lang='lat' dir='ltr'>braebia,</span> <span class='ocrx_word' id='word_1_117' title='bbox 822 2209 943 2269; x_wconf 85' lang='lat' dir='ltr'>vultum</span> 
     </span>
     <span class='ocr_line' id='line_1_20' title="bbox 122 2304 954 2386; baseline 0 -22"><span class='ocrx_word' id='word_1_118' title='bbox 122 2304 324 2365; x_wconf 87' lang='lat' dir='ltr'>Crediderint</span> <span class='ocrx_word' id='word_1_119' title='bbox 338 2324 436 2384; x_wconf 89' lang='lat' dir='ltr'>genus</span> <span class='ocrx_word' id='word_1_120' title='bbox 451 2324 516 2364; x_wconf 88' lang='lat' dir='ltr'>esse</span> <span class='ocrx_word' id='word_1_121' title='bbox 531 2305 599 2365; x_wconf 87' lang='lat' dir='ltr'>eibi.</span> <span class='ocrx_word' id='word_1_122' title='bbox 642 2304 726 2376; x_wconf 77' lang='lat' dir='ltr'>Quid</span> <span class='ocrx_word' id='word_1_123' title='bbox 741 2305 857 2365; x_wconf 81' lang='lat' dir='ltr'>diceret</span> <span class='ocrx_word' id='word_1_124' title='bbox 872 2325 954 2386; x_wconf 83' lang='lat' dir='ltr'>ergo,</span> 
     </span>
     <span class='ocr_line' id='line_1_21' title="bbox 119 2400 998 2480; baseline 0.003 -20"><span class='ocrx_word' id='word_1_125' title='bbox 119 2401 189 2461; x_wconf 89' lang='lat' dir='ltr'>Vel</span> <span class='ocrx_word' id='word_1_126' title='bbox 203 2420 264 2480; x_wconf 90' lang='lat' dir='ltr'>quo</span> <span class='ocrx_word' id='word_1_127' title='bbox 278 2420 340 2460; x_wconf 90' lang='lat' dir='ltr'>non</span> <span class='ocrx_word' id='word_1_128' title='bbox 355 2400 484 2480; x_wconf 85' lang='lat' dir='ltr'>fugeret,</span> <span class='ocrx_word' id='word_1_129' title='bbox 499 2401 525 2461; x_wconf 89' lang='lat' dir='ltr'>si</span> <span class='ocrx_word' id='word_1_130' title='bbox 539 2421 622 2462; x_wconf 88' lang='lat' dir='ltr'>nuno</span> <span class='ocrx_word' id='word_1_131' title='bbox 634 2402 712 2464; x_wconf 86' lang='lat' dir='ltr'>haee</span> <span class='ocrx_word' id='word_1_132' title='bbox 725 2412 864 2463; x_wconf 87' lang='lat' dir='ltr'>monstra</span> <span class='ocrx_word' id='word_1_133' title='bbox 878 2403 998 2463; x_wconf 87' lang='lat' dir='ltr'>videret</span> 
     </span>
     <span class='ocr_line' id='line_1_22' title="bbox 120 2497 893 2580; baseline 0.001 -22"><span class='ocrx_word' id='word_1_134' title='bbox 120 2497 331 2577; x_wconf 83' lang='lat' dir='ltr'>Pythagoras,</span> <span class='ocrx_word' id='word_1_135' title='bbox 347 2497 465 2558; x_wconf 87' lang='lat' dir='ltr'>eunetis</span> <span class='ocrx_word' id='word_1_136' title='bbox 481 2498 663 2559; x_wconf 85' lang='lat' dir='ltr'>animalibus</span> <span class='ocrx_word' id='word_1_137' title='bbox 678 2499 827 2560; x_wconf 88' lang='lat' dir='ltr'>abstinuit</span> <span class='ocrx_word' id='word_1_138' title='bbox 841 2500 893 2580; x_wconf 89' lang='lat' dir='ltr'>qui</span> 
     </span>
     <span class='ocr_line' id='line_1_23' title="bbox 120 2583 1096 2681; baseline 0.007 -26"><span class='ocrx_word' id='word_1_139' title='bbox 120 2583 288 2674; x_wconf 82' lang='lat' dir='ltr'>Tanquam</span> <span class='ocrx_word' id='word_1_140' title='bbox 302 2593 426 2654; x_wconf 88' lang='lat' dir='ltr'>homine</span> <span class='ocrx_word' id='word_1_141' title='bbox 441 2603 473 2655; x_wconf 88' lang='lat' dir='ltr'>et</span> <span class='ocrx_word' id='word_1_142' title='bbox 487 2595 590 2656; x_wconf 85' lang='lat' dir='ltr'>ventri</span> <span class='ocrx_word' id='word_1_143' title='bbox 603 2596 732 2657; x_wconf 86' lang='lat' dir='ltr'>indulsit</span> <span class='ocrx_word' id='word_1_144' title='bbox 746 2617 808 2658; x_wconf 91' lang='lat' dir='ltr'>non</span> <span class='ocrx_word' id='word_1_145' title='bbox 824 2617 915 2659; x_wconf 91' lang='lat' dir='ltr'>omne</span> <span class='ocrx_word' id='word_1_146' title='bbox 929 2599 1096 2681; x_wconf 79' lang='lat' dir='ltr'>legumen?</span> 
     </span>
    </p>
   </div>
   <div class='ocr_carea' id='block_1_5' title="bbox 1024 2189 1050 2234">
    <p class='ocr_par' dir='ltr' id='par_1_8' title="bbox 1024 2189 1050 2234">
     <span class='ocr_line' id='line_1_24' title="bbox 1024 2189 1050 2234; baseline 0 -42"><span class='ocrx_word' id='word_1_147' title='bbox 1024 2189 1050 2234; x_wconf 39' lang='lat' dir='ltr'>j.</span> 
     </span>
    </p>
   </div>
   <div class='ocr_carea' id='block_1_6' title="bbox 1081 2225 1128 2272">
    <p class='ocr_par' dir='ltr' id='par_1_9' title="bbox 1081 2225 1128 2272">
     <span class='ocr_line' id='line_1_25' title="bbox 1081 2225 1128 2272; baseline 0.043 -2"><span class='ocrx_word' id='word_1_148' title='bbox 1081 2225 1128 2272; x_wconf 72' lang='lat' dir='ltr'>rto</span> 
     </span>
    </p>
   </div>
   <div class='ocr_carea' id='block_1_7' title="bbox 0 0 1306 4160">
    <p class='ocr_par' dir='ltr' id='par_1_10' title="bbox 0 0 1306 4160">
     <span class='ocr_line' id='line_1_26' title="bbox 0 0 1306 4160; baseline 0 1"><span class='ocrx_word' id='word_1_149' title='bbox 0 0 1306 4160; x_wconf 95' lang='lat' dir='ltr'> </span> 
     </span>
    </p>
   </div>
  </div>
 </body>
</html>
