2598 4170
101 2374 151 2537 t

150 317 193 383 64
456 330 492 378 n.
514 327 618 378 turm
639 323 846 417 rqurtsrus

151 501 212 562 Per
226 507 329 560 totum
345 515 462 558 cessare
477 495 577 555 diem:
597 511 660 554 non
673 490 787 552 fenoris
804 490 868 550 ulla

150 571 354 753 Montioffee
368 593 467 674 prima
480 590 506 651 si
519 591 588 651 luoe
603 607 725 669 egressa
738 586 853 648 reverti

151 694 282 754 Noctes
303 693 347 752 let
362 689 458 752 taeito
472 689 567 749 bilem
580 685 638 746 tibi
653 685 816 745 eontrahat
831 702 916 758 uxor,
1010 755 1013 764 ¹

152 789 289 852 Humida
303 786 452 868 suspectis
467 783 601 845 reserens
615 781 754 842 multicia
768 780 852 861 rugis

152 888 351 967 Vexatasque
367 902 470 946 eomas
486 889 518 942 et
532 880 655 940 vultum
670 895 835 956 auremque
850 830 1045 970 calentem.)

152 967 300 1046 Protinus
314 991 386 1044 ante
400 999 504 1041 meum
520 974 671 1057 quidquid
686 973 773 1033 dolet
787 992 865 1034 exue
880 973 992 1047 limen;
1113 989 1165 1036 190

153 1081 240 1143 Pone
255 1082 379 1142 demum
393 1086 425 1139 et
439 1094 543 1138 servos
558 1082 591 1134 et
607 1069 758 1182 quiequid
771 1069 923 1149 frangitur
937 1068 997 1129 illis

152 1178 220 1239 Aut
233 1177 330 1258 perit,
350 1197 362 1236 1
396 1182 489 1334 ἕως
504 1179 576 1232 ante
593 1167 699 1231 omnia
712 1185 815 1346 pone
808 1165 937 1227 sodales

153 1275 277 1336 Interea
290 1193 439 1354 Μὶθᾶὲξ
430 1273 513 1332 iaoae
528 1227 815 1350 speetaoulaniibp
812 1277 856 1338 ae,

153 1371 283 1432 Idaeum
297 1371 453 1443 sollemne,
467 1369 582 1441 uolunt,
598 1364 766 1442 similisque
779 1359 937 1441 triumpho
1000 1345 1003 1358 ¹

155 1468 277 1529 Praeda
291 1466 477 1529 caballorum
492 1465 622 1526 Praetor
636 1461 724 1522 sedet
739 1479 784 1534 ae,
799 1457 875 1518 mihi
888 1476 965 1540 paee
1113 1475 1164 1522 195

154 1529 326 1626 Iliiflfftrsae
341 1564 513 1643 nimiaeque
527 1562 601 1623 lieet
614 1561 640 1620 si
654 1559 756 1620 dicere
770 1556 877 1637 plebis,

155 1662 269 1724 Totam
282 1661 374 1722 hodie
389 1659 645 1817 Romeus
659 1655 789 1736 ospitat
803 1655 906 1767 fragor
919 1671 1024 1716 aurem

155 1760 326 1821 Peruutite
349 1768 456 1818 eurtum
490 1777 528 1817 m
550 1775 576 1816 rs
590 1774 651 1836 quo
665 1753 777 1835 oolligo
791 1752 905 1834 panni·

154 1856 187 1915 N
189 1877 238 1916 am
253 1856 279 1916 si
269 1768 439 1916 fugiebat
451 1863 601 1915 moestam
616 1851 842 1932 attonitamque
857 1850 978 1913 videres

155 1954 246 2013 Hane
260 1952 375 2026 urbem,
389 1951 488 2011 veluti
503 1949 700 2013 Cannarum
692 1969 724 2008 ru
738 1949 866 2029 pulvere
880 1947 971 2010 vietis
1113 1964 1163 2011 200

156 2048 347 2111 Consulibus.
389 2047 560 2128 Spectant
547 2066 687 2127 juvenes,
702 2066 779 2127 quos
793 2047 909 2108 elamor
922 2055 955 2108 et
969 2044 1070 2108 audax

156 2145 296 2226 Sponsio,
310 2165 387 2224 quos
401 2145 502 2205 cultae
517 2144 608 2205 deeet
622 2143 770 2204 assedisse
784 2144 924 2224 puellae·

155 2243 272 2303 Nostra
285 2241 371 2302 bibat
384 2261 514 2302 vernum
529 2248 688 2327 eontracta
703 2240 839 2302 eutieula
852 2241 948 2302 solem

155 2340 352 2420 Effugiatque
366 2348 483 2419 togam
522 2337 544 2399 J
545 2357 595 2397 am
610 2358 693 2398 nuno
707 2337 740 2398 in
754 2338 866 2398 balnea
880 2339 965 2398 salva

155 2407 256 2498 linit
238 2421 359 2497 ielieet
373 2436 478 2510 vadas,
492 2453 669 2516 quanquam
684 2434 783 2496 solida
796 2434 873 2495 hora
890 2434 1022 2515 supersit
1114 2451 1164 2498 205

155 2535 208 2595 Ad
222 2543 350 2594 sextam
390 2532 505 2593 Facere
520 2533 579 2592 hoe
593 2552 656 2591 non
671 2531 770 2611 possis
784 2531 920 2612 quinque
934 2530 1043 2594 diebus

157 2629 327 2704 Continuis,
343 2629 414 2710 quia
428 2637 502 2690 sunt
516 2629 588 2690 talis
602 2647 724 2708 quoque
738 2628 842 2688 taedia
855 2629 940 2690 vitae

155 2727 280 2808 Magna.
319 2725 508 2806 Voluptates
523 2723 722 2788 commendat
735 2724 833 2785 rarior
846 2711 929 2787 usus.
