2598 4170
487 433 523 482 n.
547 403 650 484 anun
671 439 877 488 anvarnus

161 582 172 667 l
189 598 295 671 Quum
308 608 396 660 tener
409 620 536 661 uxorem
551 603 643 665 ducat
657 605 772 684 spado;
793 604 917 665 Maenia
931 604 1067 668 Tuscum

188 695 282 775 Figat
296 715 403 775 aprum
418 708 450 757 et
464 699 547 758 nuda
561 709 668 761 teneat
683 702 834 805 veppppla
847 721 982 762 mamma
992 695 1028 806 3)

105 806 124 876 ‘p
188 792 340 853 Patricios
354 814 373 853 o
405 813 461 854 nes
476 814 494 853 ο
517 795 584 854 ibus
599 817 694 874 qpum
708 807 855 877 provocet
870 818 957 870 unus,

133 887 139 927 ¹
188 814 539 1046 Quotondedlepradls
549 857 1020 972 jurlbnimihibalhasonallat3
1163 911 1199 956 25

188 986 294 1057 Quum
307 1005 377 1066 pars
391 987 435 1046 Ni
448 988 531 1048 iacae
545 990 652 1069 plebis,
667 1011 761 1070 quum
775 1011 871 1076 verna
885 990 1003 1072 Canopi
1077 995 1081 1006 '

189 1082 354 1160 Crispinus,
368 1083 478 1162 Tyrias
493 1085 621 1145 humero
635 1095 801 1148 revocante
810 1089 961 1161 lacernas,

187 1178 330 1239 Ventilet
344 1182 495 1240 aestivum
510 1181 615 1260 digitis
629 1183 811 1243 sudantibus
825 1203 942 1256 aurum,

187 1275 219 1334 N
221 1295 255 1334 ec
269 1276 394 1335 sufferre
409 1285 502 1355 queat
516 1277 639 1357 majoris
653 1279 790 1357 pondera
803 1298 960 1358 gemmae:
1028 1317 1031 1330 «

186 1370 318 1431 Difficile
333 1381 380 1432 est
394 1373 519 1452 satiram
533 1393 595 1434 non
610 1375 750 1436 scribere.
790 1373 875 1436 Nam
890 1376 957 1455 quis
971 1376 1094 1457 iniquae
1113 1403 1114 1406 ¹
1163 1393 1198 1442 30

187 1469 266 1528 Tam
280 1471 401 1548 patiens
416 1469 521 1544 Urbis,
535 1479 600 1538 tam
614 1471 790 1548 ferreus'ut
803 1482 908 1534 teneat
923 1494 963 1549 se,

188 1565 342 1626 Causidici
356 1586 438 1626 nova
452 1586 547 1645 quum
561 1568 666 1629 veniat
681 1569 791 1629 lectica
804 1569 962 1631 Mathonis

187 1661 285 1722 Plena
298 1664 384 1745 ipso;
405 1676 477 1746 post
491 1668 572 1727 huno
586 1666 690 1746 magni
705 1667 825 1726 delator
839 1666 929 1728 amici

109 1817 112 1826 .
186 1759 305 1822 Etcito
320 1771 461 1842 rapturus
477 1764 515 1823 de
530 1763 691 1824 nobilitate
706 1783 827 1824 comesa
862 1763 864 1768 ’

188 1857 281 1930 Quod
295 1870 434 1940 superest
443 1880 451 1935 ;
469 1880 561 1940 quem
571 1861 674 1922 Massa
685 1861 783 1934 timet,
795 1882 886 1941 quem
897 1881 1023 1924 munere
1034 1862 1140 1943 palpat
1162 1879 1196 1926 35

188 1957 285 2018 Oarus
300 1966 331 2018 et
345 1977 364 2018 a
377 1959 500 2037 trepido
515 1957 666 2038 Thymele
680 1959 840 2020 summissa
854 1957 985 2035 Latin03
1076 1956 1085 1970 ”

157 2041 186 2178 (
187 2054 292 2127 Quum
305 2059 337 2116 te
352 2067 567 2118 summoveant
581 2057 634 2137 qui
648 2037 835 2117 testam'enta
848 2065 1007 2117 merentur

186 2151 348 2228 Noctibus,
362 2154 394 2214 in
409 2156 527 2215 caelum
542 2175 618 2236 quos
632 2154 736 2215 evehit
750 2155 867 2234 optima
880 2154 992 2214 summi

186 2249 282 2311 Nunc
295 2251 346 2312 via
359 2273 527 2331 processus,
542 2253 664 2312 vetulae
678 2251 780 2312 vesica
793 2252 925 2311 beatae?
1284 2317 1285 2320 Ἴ

186 2347 354 2409 Unoiolam
368 2349 547 2410 Proculeius
561 2349 663 2423 habet,
679 2348 734 2408 sed
749 2347 831 2408 Gillo
845 2347 1004 2421 deuncem,
1160 2363 1197 2410 ao
1284 2351 1285 2404 ἐ

186 2443 295 2506 Partes
310 2447 439 2527 quisque
453 2467 523 2507 suas
538 2447 578 2507 ad
591 2464 766 2506 mensuram
779 2443 913 2524 inguinis
927 2444 1024 2504 heres.

128 2609 132 2613 ,
186 2541 330 2622 Accipiat
343 2563 416 2605 sane
430 2544 604 2604 mercedem
618 2541 784 2622 sanguinis,
799 2551 831 2602 et
846 2541 890 2602 sic

186 2637 307 2699 Palleat
321 2650 357 2701 ut
370 2641 461 2702 nudis
475 2641 586 2720 pressit
600 2640 654 2720 qui
667 2639 798 2700 calcibus
813 2657 956 2718 anguem,

186 2735 254 2795 Aut
267 2734 507 2816 Lugdunensem
521 2737 626 2798 rhetor
640 2736 777 2798 dicturus
791 2735 830 2794 ad
845 2693 980 2810 aram)

83 2880 86 2886 .
187 2831 271 2904 Quid
284 2834 413 2894 referam
427 2844 542 2915 quanta
556 2833 669 2894 siccum
679 2833 769 2918 jequr
783 2832 889 2891 ardeat
899 2830 953 2904 ira,
1158 2845 1193 2892 45
1284 2871 1285 2900 1

187 2927 292 3000 Quum
305 2933 453 3010 populum
467 2931 612 3011 gregibus
625 2930 773 2990 comitum
786 2927 900 3007 premit
912 2926 963 2987 hic
977 2924 1122 3006 spoliator

185 3023 301 3106 Pupilli
314 3029 490 3107 prostantis,
506 3039 538 3088 et
551 3027 602 3087 hio
617 3027 780 3087 damnatus
795 3015 879 3086 inani

184 3122 206 3183 J
208 3124 309 3184 udicio
326 3125 413 3204 (quid
430 3125 511 3184 enim
526 3124 617 3184 salvis
632 3121 757 3183 infamia
772 3121 904 3182 nummis
912 3121 940 3201 l)
1060 3164 1063 3173 .
1160 3183 1171 3202 ff

185 3218 283 3281 Exsul
297 3221 336 3280 ab
351 3221 591 3317 octavalharius
598 3220 683 3279 bibit
698 3228 730 3279 et
743 3219 855 3278 fruitur
868 3219 916 3279 dis
1072 3199 1125 3289 ipo

112 3382 121 3400 ¹
185 3315 294 3392 Iratis3
316 3325 349 3377 at
363 3328 406 3392 tu,
421 3318 533 3378 victrix
547 3316 714 3397 provincia,
728 3314 839 3394 ploras.
1159 3330 1191 3376 50

186 3408 273 3474 Haec
287 3435 345 3495 ego
359 3434 423 3474 non
437 3415 560 3474 credam
574 3412 736 3474 Venusina
750 3411 845 3494 digna
859 3409 1007 3472 lucerna?

185 3510 273 3571 Haec
287 3531 345 3591 ego
359 3531 422 3571 non
436 3511 575 3590 agitem?
611 3509 672 3570 Sed
688 3508 762 3589 quid
777 3509 875 3587 magis
886 3499 1055 3570 'Heracleas
1077 3549 1079 3558 ι
1105 3567 1112 3578 ,

112 3599 115 3604 ’
184 3607 252 3668 Aut
266 3607 454 3669 Diomedeas
468 3616 522 3668 aut
535 3606 690 3686 mugitum
704 3604 888 3685 Labyrinthi
