2598 4170
157 346 199 411 68
462 363 499 410 1).
523 364 626 412 nourr
647 361 854 412 ruvausms

156 530 217 590 Hic
231 538 371 590 nostrum
384 531 512 610 placabo
525 530 547 592 J
549 551 639 592 ovem
652 529 842 608 Laribusque
855 527 992 608 paternis

156 626 240 686 Tura
254 627 343 700 dabo,
358 635 451 707 atque
466 647 572 690 omnes
586 628 686 690 violae
699 628 827 708 jactabo
842 627 966 690 colore's.
1133 641 1170 686 oo

157 725 279 785 Cuncta
292 723 412 800 nitent;
433 725 542 804 longos
557 725 654 786 erexit
670 725 768 805 janua
781 743 883 786 ramos

155 819 199 880 Et
213 820 374 880 matutinis
388 830 533 900 operatur
546 822 625 883 festa
638 821 779 883 lucernis.

196 916 266 976 Neo
280 927 422 998 suspecta
435 918 492 979 tibi
507 918 569 980 sint
582 919 667 993 haec,
683 919 836 994 Corvine3
857 918 1004 992 Catullus,

156 1014 219 1075 Pro
234 1014 321 1093 cujus
335 1014 436 1074 reditu
451 1025 500 1076 tot
513 1035 596 1096 pono
611 1016 728 1090 altaria,
742 1035 855 1096 parvos

156 1109 232 1171 Tres
246 1110 341 1171 habet
354 1111 491 1174 heredes.
532 1111 624 1175 Libet
639 1123 817 1194 exspectare
832 1112 900 1192 quis
914 1131 1038 1192 aegram
1132 1128 1168 1174 95

156 1207 199 1269 Et
214 1208 410 1270 claudentem
424 1211 530 1271 oculos
543 1211 691 1292 gallinam
704 1211 865 1292 impendat
879 1210 977 1271 amico

156 1304 234 1364 Tam
250 1305 354 1366 sterili.
395 1306 514 1368 Verum
527 1308 604 1369 haec
617 1309 713 1369 nimia
726 1317 773 1369 est
786 1308 942 1388 impensa3
962 1306 1108 1368 coturnix

155 1402 253 1462 Nulla
267 1421 401 1482 unquam
416 1422 472 1484 pro
485 1413 573 1484 patre
588 1406 688 1467 cadet.
730 1405 852 1467 Sentire
866 1406 998 1465 calorem
1032 1424 1035 1428 ·

157 1499 189 1560 Si
205 1499 307 1580 coepit
320 1500 457 1581 locuples
471 1501 633 1563 Gallicam
647 1502 776 1563 Paccius
793 1502 867 1578 orbi,

155 1597 309 1678 Legitima
323 1598 391 1660 fixis
405 1600 538 1661 vestitur·
551 1608 619 1661 tota
632 1600 753 1661 tabellis
1118 1615 1168 1662 roo

155 1697 319 1773 Porticus,
339 1697 493 1758 exsistunt
508 1698 560 1778 qui
574 1698 761 1779 promittunt
773 1695 988 1770 hecatomben,

156 1796 317 1869 Quatenus
331 1795 381 1856 hio
395 1816 457 1857 non
472 1806 545 1857 sunt
559 1815 617 1856 uec
630 1797 755 1857 venales
770 1794 935 1875 elephanti,

155 1895 224 1956 Nec
238 1893 328 1956 Latio
343 1903 398 1955 ant
411 1913 540 1974 usquam
555 1893 612 1954 sub
625 1902 732 1955 nostro
746 1893 845 1954 sidere
860 1892 931 1954 talis

157 1993 266 2055 Bellua
281 1991 461 2074 concipitur,
476 1991 531 2052 sed
545 1991 634 2052 furva
647 1999 741 2072 gente
755 1990 855 2072 petita

155 2092 327 2154 Arboribus
342 2090 468 2152 Rutulis
483 2099 515 2151 et
529 2089 627 2149 Turni
641 2089 776 2169 pascitur
790 2107 874 2168 agre,

156 2192 295 2256 Caesaris
310 2190 493 2264 armentum,
508 2187 585 2247 nulli
600 2187 714 2247 servire
728 2191 871 2265 paratum

155 2291 302 2366 Privat03
323 2288 475 2370 siquidem
489 2283 585 2364 Tyrio
598 2301 706 2363 parere
720 2281 861 2342 solebant

155 2388 324 2449 Hannibali
339 2395 371 2447 et
384 2381 497 2446 nostris
512 2380 643 2442 ducibus
656 2379 783 2460 regique
797 2377 934 2438 Molosso

155 2487 277 2548 Horum
291 2485 422 2565 majores
436 2503 472 2544 ac
487 2481 579 2543 dorso
593 2480 671 2540 ferre
687 2477 837 2550 cohortes,

154 2584 282 2645 Partem
297 2583 430 2663 aliquam
445 2581 518 2642 belli
533 2588 566 2640 et
580 2585 705 2638 euntem
719 2574 751 2635 in
766 2573 882 2653 proelia
895 2570 1012 2633 turrim.
1114 2587 1163 2633 110

155 2679 251 2740 Nulla
265 2679 360 2758 igitur
373 2697 459 2739 mora
472 2696 528 2757 per
541 2673 688 2746 Novium,
702 2689 790 2730 mora
803 2667 888 2728 nulla
901 2686 956 2749 per
969 2664 1112 2727 Histrum

154 2774 336 2848 Pacuvium,
350 2772 423 2852 quin
437 2769 515 2832 illud
530 2769 606 2830 ebur
619 2768 751 2828 ducatur
765 2764 804 2825 ad
819 2781 886 2822 aras

154 2869 198 2930 Et
212 2870 303 2930 cadat
319 2877 390 2928 ante
405 2865 498 2926 Lares
513 2864 646 2925 Gallitae
660 2861 796 2933 victima,
810 2858 874 2920 sola

154 2963 263 3025 Tantis
278 2962 372 3042 digna
387 2960 452 3022 deis
467 2967 499 3020 et
514 2955 722 3039 captatoribus
736 2955 856 3014 horum.

154 3059 246 3118 Alter
260 3057 350 3132 enim,
365 3056 391 3117 si
406 3053 557 3116 concedas
571 3059 714 3123 mactare,
729 3047 855 3110 vovebit
1111 3061 1160 3108 115

154 3154 203 3216 De
218 3174 311 3236 grege
326 3172 484 3214 servorum
498 3167 612 3230 magna
626 3155 658 3207 et
672 3144 877 3225 pulcherrima
891 3160 1029 3221 quaeque

155 3253 300 3331 Oorpora,
315 3250 365 3310 vel
380 3248 482 3328 pueris
497 3255 529 3306 et
543 3243 694 3306 frontibus
709 3241 888 3302 ancillarum

154 3348 298 3428 Imponat
312 3347 415 3419 vittas,
431 3352 463 3405 et
477 3343 503 3404 si
517 3361 577 3422 qua
591 3349 639 3400 est
652 3338 765 3399 nubilis
779 3338 824 3397 illi

154 3442 317 3524 Iphigenia
331 3441 415 3503 domi
429 3439 516 3500 dabit
528 3439 609 3498 hanc
623 3434 777 3508 altaribus,
793 3433 852 3494 etsi

154 3538 230 3599 Non
244 3547 345 3618 sperat
359 3537 493 3616 tragicae
507 3533 622 3594 furtiva
634 3529 755 3613 piacula
768 3547 885 3590 cervae.
1111 3543 1160 3588 120
