2598 4170
160 278 202 343 62
464 292 499 339 n.
516 291 619 340 rursu
640 291 847 342 Juvsrtams

272 413 278 420 ·
298 399 307 425 Ι

127 505 130 516 .
159 461 215 533 Nil
229 399 383 535 ffipffiffis'
397 459 442 520 uil
456 459 547 520 dama
561 459 649 540 sapit,
664 469 773 540 putere
788 459 934 518 videntur

158 557 331 636 Unguenta
345 566 436 635 atque
451 575 546 630 rosae,
560 556 640 616 latos
654 556 713 616 nisi
727 555 858 615 sustinet
872 555 962 615 orbes

158 654 283 716 Grande
297 653 373 714 ebur·
386 663 419 713 et
432 672 546 732 magno
561 652 699 716 sublimis
713 652 826 732 pardus
840 651 928 712 hiatu

157 751 313 811 Dentibus
326 769 365 810 ex
379 750 440 809 illis
455 769 531 828 quos
546 749 643 809 mittit
657 759 748 828 porta
763 748 880 828 Syenes

158 849 200 909 Et
214 847 315 907 Mauri
330 849 443 908 celeres
457 859 489 906 et
503 846 614 906 Mauro
628 846 785 907 obscurior
797 845 903 921 Indus,
1002 855 1005 860 '

112 1024 115 1030 Ι
158 947 201 1008 Et
215 967 290 1026 quos
305 946 448 1025 deposuit
461 945 646 1005 Nabathaeo
659 945 763 1004 bellua
776 946 858 1006 saltu
864 929 960 1022 λιιι(

157 1043 178 1105 J
180 1063 229 1103 am
245 1042 355 1102 nimios
371 1041 525 1122 capitique
538 1061 657 1122 graves
699 1041 783 1103 Hinc
797 1043 896 1124 surgit
909 1041 1021 1118 orexis,

158 1140 241 1200 Hinc
255 1139 457 1200 stomacho
429 1159 526 1213 vues;
547 1159 618 1198 nam
632 1159 686 1218 pes
701 1150 865 1220 argenteus
879 1140 939 1202 illis

33 1221 130 1335 alteas.
156 1237 321 1298 Annulus'
313 1257 345 1296 ιιι
360 1237 460 1316 digito
474 1237 557 1348 quod
571 1237 693 1298 ferreus.
736 1239 822 1320 Ergo
835 1239 1000 1319 superbum

158 1333 331 1396 Convivam
345 1353 448 1409 caveo,
463 1335 515 1414 qui
529 1355 579 1396 me
593 1336 651 1397 sibi
665 1346 823 1424 comparat
837 1346 869 1397 et
883 1353 931 1398 res

155 1431 296 1510 Despicit
312 1432 446 1513 exiguas.
487 1433 579 1494 Adeo
594 1405 886 1496 nullddidldlrobis

156 1528 215 1589 Est
229 1529 337 1604 eboris,
352 1550 409 1591 neo
425 1493 573 1605 ffatim,
587 1549 645 1592 neo
659 1513 793 1593 calliam
807 1552 846 1593 ex
860 1533 918 1594 hac

155 1627 304 1689 Materia:
326 1630 400 1710 quin
415 1629 480 1709 ipsa
495 1629 654 1690 manubria
668 1630 863 1690 cultellorum

156 1728 269 1802 Ossea;
290 1749 353 1788 non
368 1738 471 1789 tamen
485 1727 533 1787 his
548 1728 610 1788 ulla
624 1747 758 1806 uuquam
773 1726 900 1806 obsonia
911 1725 991 1789 fiunt

155 1825 338 1899 Rancidula,
353 1834 406 1885 aut
420 1824 491 1885 ideo
504 1824 591 1904 pejor
604 1824 719 1905 galbae
732 1835 862 1885 secatur.

157 1923 219 1984 Sed
234 1942 291 1983 nec
305 1932 440 1984 structor
453 1921 512 1983 erit
526 1922 575 1983 cui
590 1923 699 1983 cedere
714 1922 826 1983 debeat
840 1922 939 1984 omnis

156 1988 299 2101 Pdgila,
314 2020 481 2101 discipulus
495 2019 647 2101 Trypheri
663 2019 805 2095 doctoris,
821 2019 903 2101 apud
918 2039 1010 2100 quem

157 2119 284 2181 Sumine
300 2139 370 2179 oum
384 2139 499 2200 magno
512 2118 600 2198 lepus
614 2129 713 2231 atque
721 2137 795 2198 aper
808 2127 840 2178 et
853 2137 1009 2198 pygargus

155 2218 197 2278 Et
213 2219 288 2299 Scyt
276 2219 377 2279 thieae
391 2219 531 2279 volucres
545 2224 577 2278 et
591 2181 869 2296 phoebrcoptems'
861 2234 970 2297 mgens

155 2317 198 2377 Et
212 2316 363 2376 Gaetulus
377 2335 462 2396 oryx
468 2313 573 2374 hebeti
579 2313 756 2472 llautissima
769 2313 849 2374 ferro
900 2343 902 2348 ·

156 2417 310 2490 Caeditur,
326 2425 358 2476 et
372 2423 441 2476 tota
455 2421 544 2475 sonat
579 2413 660 2472 lmea
674 2430 770 2472 coena
785 2410 929 2471 Suburra

154 2513 223 2574 Nee
237 2514 314 2572 frast
302 2523 368 2573 tum
383 2530 509 2591 capreae
524 2517 692 2570 sidere
707 2527 765 2569 nec
778 2507 860 2568 latus
873 2507 904 2566 A

154 2611 254 2672 Novit
269 2612 334 2672 avis
349 2619 490 2683 noster,t
476 2608 647 2676 tirunculus
662 2625 697 2667 ac
711 2605 796 2665 rudis
810 2605 893 2665 omni

154 2709 307 2790 Tempore
322 2718 354 2770 et
369 2708 498 2788 exiguae
511 2705 600 2765 furtis
614 2704 751 2764 imbutus
765 2701 882 2764 ofellae

154 2773 298 2869 Pldllaos
312 2808 421 2869 calices
436 2815 468 2866 et
482 2803 587 2885 paucis
601 2801 718 2862 assibus
733 2809 854 2881 emptos

154 2906 299 2986 Porrigat
313 2906 448 2968 incultus
462 2924 540 2986 puer
553 2911 646 2981 atque
661 2899 730 3058 ἐπὶ
755 2919 806 2958 ore
820 2907 916 2974 tutus,

154 3003 227 3063 Non
243 3004 350 3084 Phryx
365 3001 459 3064 autL
454 3001 553 3161 cius,
568 3019 665 3060 nona
709 2919 832 3078 bdgdbe
845 2997 962 3077 petitus

155 3101 325 3181 Quisquam
340 3101 398 3162 erit
412 3110 444 3162 et
454 3023 580 3180 bbffiro.
622 3096 727 3170 Quum
741 3117 857 3178 posces,
871 3115 962 3177 posce
975 3095 1096 3158 Latine.

153 3196 242 3259 Idem
256 3200 381 3259 habitus
395 3198 522 3272 eunctis,
538 3195 620 3258 tonsi
634 3195 770 3308 rectique
786 3196 887 3277 capilli

59 3301 68 3316 '
153 3294 260 3373 Atque
274 3295 366 3354 hodre
381 3304 502 3355 tantum
516 3303 643 3374 propter
657 3313 798 3355 eonvrvra
812 3315 893 3375 pexr.
1110 3311 1157 3356 150

154 3390 291 3451 Pastoris
306 3391 375 3451 duri
389 3400 436 3450 est
449 3392 499 3452 bic
513 3391 603 3465 filius,
617 3391 668 3451 ille
682 3391 824 3453 bubulci:

155 3485 294 3564 Suspirat
308 3487 401 3566 longo
416 3507 478 3546 non
492 3487 590 3547 visam
605 3495 742 3567 tempore
756 3498 887 3550 matrem
