2598 4170
151 289 172 356 8
454 305 490 352 n.
506 305 610 354 suun
631 306 840 356 ruvnuxnrs

146 472 233 534 Dum
245 491 328 535 nova
341 471 478 546 canities,
492 472 568 534 dum
580 473 680 553 prima
694 484 725 535 et
739 483 824 535 recta
838 482 991 549 senectus,

147 570 234 632 Dum
248 579 387 650 superest
400 569 530 631 Lachesi
543 571 627 651 quod
641 579 793 651 torqueat,
808 582 840 632 et
853 571 984 650 pedibus
997 592 1047 633 me

146 668 245 728 Porto
259 668 335 728 meis
348 667 433 727 nullo
448 667 589 727 dextram
603 668 754 727 subeunte
767 667 888 728 bacillo.

148 765 302 828 Cedamus
315 764 431 844 patria:
451 764 560 824 vivant
573 763 718 825 Artorius
732 763 802 826 istic

146 861 189 922 Et
204 861 352 936 Catulus3
371 868 518 920 maneant
532 859 585 940 qui
599 860 722 939 nigrum
735 861 767 920 in
782 860 914 921 candida
928 870 1063 937 vertunt,
1080 907 1082 911 -
1122 877 1155 923 3ο

148 957 225 1030 Quis
239 958 328 1018 facile
342 977 359 1017 e
376 968 390 1017 t
404 957 511 1016 aedem
526 957 707 1032 conducere,
723 957 858 1028 flumina,
872 968 989 1036 portus,
1060 943 1063 949 ¹

148 1056 330 1116 Siccandam
344 977 484 1127 dotem,
499 1054 686 1133 portandum
700 1054 740 1113 ad
754 1055 845 1114 busta
860 1055 999 1130 cadaver,

146 1151 189 1212 Et
203 1152 348 1231 praebere
364 1161 457 1230 caput
472 1117 597 1221 doidina
612 1150 720 1210 venale
736 1150 792 1210 sub
807 1151 904 1211 hasta.

146 1249 312 1320 Quondam
326 1249 358 1308 hi
372 1248 540 1308 cornicines
555 1255 586 1307 et
600 1247 792 1326 municipalis
806 1267 916 1310 arenae

147 1344 295 1425 Perpetui
309 1345 435 1406 comites
450 1355 603 1424 notaeque
617 1364 638 1424 p
658 1366 672 1404 r
686 1345 800 1424 oppida
813 1347 929 1408 buccae
1122 1365 1153 1409 aa

145 1441 277 1520 Munera
293 1463 374 1502 nunc
389 1441 495 1516 edunt,
510 1451 542 1501 et
556 1365 770 1522 versdilollice
785 1442 871 1524 vulgi

147 1538 249 1611 Quem
263 1539 339 1600 libet
353 1539 500 1600 occidunt
513 1539 721 1619 populariter:
744 1539 816 1600 inde
831 1541 946 1602 reversi

146 1637 334 1699 Oonducunt
347 1638 472 1698 loricas:
493 1650 526 1700 et
540 1659 593 1699 cur
608 1659 670 1699 non
685 1639 813 1700 omnia?
834 1660 930 1720 quum
943 1638 1005 1701 sint

146 1733 261 1806 Quales
275 1755 314 1796 ex
328 1736 436 1796 humili
450 1757 563 1817 magna
577 1737 616 1796 ad
630 1737 754 1818 fastigia
768 1758 871 1798 rerum

144 1832 278 1895 Extollit
291 1835 411 1915 quoties
426 1835 525 1896 voluit
539 1834 678 1896 Fortuna
693 1836 800 1916 jocari.

145 1931 230 2006 Quid
244 1933 364 1993 Romae
377 1934 509 1994 faciam?
549 1933 678 1994 Mentiri
691 1954 730 1994 ne
748 1934 813 2010 ci03
834 1934 947 1994 librum

146 2028 181 2092 ui
194 2031 292 2091 malus
307 2041 354 2091 est
368 2051 488 2111 nequeo
501 2031 628 2092 laudare
643 2041 674 2091 et
688 2052 709 2111 p
791 2042 834 2106 'e;
854 2042 959 2092 motus

144 2125 311 2186 Astrorum
324 2128 453 2207 ignoro;
473 2127 565 2188 timus
579 2128 760 2208 promittere
774 2128 871 2208 patris

144 2221 213 2284 Nec
227 2224 299 2284 volo
313 2244 370 2284 nec
384 2244 526 2304 possum3
546 2243 689 2284 ranarum
702 2225 820 2285 viscera
833 2244 990 2304 nunquam

143 2317 280 2398 Inspexi.
321 2321 414 2382 Ferre
430 2322 469 2381 ad
483 2330 613 2400 nuptam
627 2288 818 2400 quadridui
833 2321 962 2395 adulter,
1119 2335 1151 2380 45

145 2415 215 2488 Qua
298 2419 383 2493 ndat,
398 2417 503 2478 norint
518 2417 588 2477 alii:
608 2437 658 2477 me
673 2437 763 2478 nemo
778 2419 918 2479 ministro

143 2513 208 2574 Fur
222 2516 288 2589 erit,
304 2524 396 2596 atque
411 2516 482 2575 ideo
496 2513 571 2575 nulli
586 2534 688 2575 comes
704 2535 787 2588 exeo,
802 2524 950 2595 tanquam
971 2503 1055 2612 simp.

143 2609 273 2671 Mancus
288 2621 320 2673 et
334 2613 505 2688 exstinctae
520 2631 628 2690 corpus
642 2632 704 2671 non
719 2613 795 2671 utile
811 2611 946 2672 dextrae.

144 2704 222 2777 Quis
236 2728 317 2768 nunc
332 2708 472 2788 diligitur
486 2707 545 2768 nisi
559 2707 697 2768 conscius
712 2674 941 2768 et'dtilfervens
1028 2767 1033 2774 ,

143 2803 276 2870 Aestuat
291 2805 419 2880 occultis
433 2805 552 2864 animus
567 2824 745 2884 semperque
760 2803 923 2864 tacendis?
1118 2820 1150 2864 ao

142 2899 197 2960 Nil
212 2902 270 2962 tibi
283 2922 316 2962 se
331 2903 442 2963 debere
455 2911 555 2982 putat,
570 2901 614 2960 nil
629 2901 765 2961 conseret
780 2921 929 2981 unquam,

143 2996 331 3080 Participem
345 3001 397 3081 qui
411 3011 443 3060 te
458 2999 568 3060 secreti
582 2999 654 3059 fecit
668 2999 808 3060 honesti:

143 3096 239 3156 (larus
255 3098 313 3159 erit
327 3096 419 3158 Verri
433 3096 485 3176 qui
499 3095 632 3157 Verrem
645 3103 784 3175 tempore
800 3116 860 3176 quo
875 3095 944 3156 vult

142 3193 297 3254 Accusare
312 3203 424 3273 potest.
466 3191 562 3252 Tanti
576 3190 633 3251 tibi
648 3211 709 3250 non
724 3192 764 3252 sit
780 3193 868 3272 opaci

143 3288 252 3350 Omnis
267 3311 359 3350 arena
372 3290 452 3370 Tagi
466 3289 609 3368 quodque
625 3287 657 3346 in
671 3309 753 3348 mare
768 3290 904 3350 volvitur
919 3308 1036 3364 aurum,
1115 3304 1147 3349 55

142 3385 191 3446 Ut
205 3405 312 3447 somno
326 3407 427 3446 careas
441 3385 644 3465 ponendaque
659 3386 794 3462 praemia
809 3405 911 3447 sumas

141 3482 253 3567 Tristis
267 3492 299 3543 et
313 3502 331 3542 a
343 3503 456 3563 magno
471 3501 591 3560 semper
605 3481 740 3542 timearis
755 3482 863 3544 amico·
