2598 4170
183 348 226 416 54
488 369 525 418 n.
540 370 644 420 rann
664 371 870 421 ruvnnsnrs

182 531 314 594 Distulit
328 542 421 616 atque
436 554 506 596 suos
514 535 583 614 jam
596 537 707 598 dextra
720 547 882 618 computat
896 557 993 600 annos

183 630 305 710 Quique
320 651 437 692 novum
450 633 543 694 toties
557 642 693 694 mustum
706 634 795 695 bibit.
837 635 900 695 Oro
914 655 1081 718 parumper
1146 655 1200 702 250

182 727 349 803 Attendas,
364 737 516 808 quantum
531 729 575 844 dq
584 731 705 810 legibus
721 731 787 811 ipse
802 742 948 810 queratur
973 785 976 792 .

182 823 333 884 Fatorum
347 833 379 885 et
393 825 489 886 nimio
504 825 543 886 de
557 799 701 902 stffibirff
713 847 808 906 quum
823 827 910 889 videt
925 831 1002 892 acris

182 922 343 983 Antilochi
357 923 485 984 barbam
501 924 678 999 ardentem3
700 929 795 1003 qu'um
810 927 929 1005 quaerit
944 928 982 988 ab
996 928 1090 1002 omni,

183 1017 329 1098 Quisquis
343 1019 432 1080 adest
446 1021 554 1095 socius,
569 1041 623 1081 cur
637 1020 712 1081 haec
725 1021 758 1082 in
772 1031 912 1102 tempora
927 1025 1026 1100 duret,

183 1116 277 1187 Quod
290 1115 407 1178 facinus
421 1117 550 1197 <lignum
564 1126 630 1178 tam
643 1118 738 1198 longo
754 1120 911 1181 admiserit
926 1139 1011 1183 aevo.
1146 1138 1197 1184 255
1277 1105 1278 1120 ¹

183 1213 272 1273 Haec
286 1213 394 1273 eadem
408 1214 529 1287 Peleus,
545 1223 667 1294 raptum
683 1237 777 1296 quum
791 1217 863 1298 luge
891 1217 1056 1292 Achillem,
1110 1265 1112 1270 a

181 1309 288 1389 Atque
303 1310 388 1383 alius,
403 1311 452 1370 cui
465 1312 511 1371 fas
525 1311 668 1374 Ithacum
683 1315 789 1396 lugere
804 1228 973 1377 militen.
1072 1357 1075 1366 ·
1117 1353 1121 1364 ·

182 1403 448 1486 IncolurniTi·0ja
463 1407 605 1470 Priamus
619 1412 754 1473 venisset
768 1413 808 1491 ari
823 1414 945 1472 umbras
960 1442 1007 1528 MA
1034 1458 1059 1488 ρ
1205 1474 1221 1488 Α

181 1503 326 1564 Assaraci
339 1505 460 1584 magnis
474 1507 670 1602 solemnibus,
685 1509 822 1570 Hectore
835 1479 929 1569 filins
1007 1501 1019 1514 ’
1029 1471 1207 1528 κάμῃ)

182 1601 333 1662 Portante
348 1622 383 1662 ao
397 1603 523 1683 reliquis
536 1605 665 1665 fratrum
680 1607 849 1696 cervicibus
863 1607 944 1667 inter
1144 1622 1194 1669 260

181 1698 316 1786 iliadum
330 1700 480 1775 lacrimas,
495 1710 531 1760 ut
544 1701 659 1781 primos
673 1704 764 1762 edere
777 1703 922 1782 planctus

183 1797 356 1859 Cassandra
370 1798 519 1878 inciperet
534 1799 686 1878 scissaque
701 1799 862 1889 Polyxepa
874 1800 966 1880 palla,
986 1809 989 1816 ’

182 1895 216 1956 Si
230 1893 310 1955 foret
325 1895 495 1955 exstinctus
510 1894 631 1956 diverso
646 1906 793 1975 ternpore,
809 1917 869 1976 quo
883 1895 946 1958 noti

182 1992 336 2073 Coeperat
351 1992 482 2052 audaces
496 1991 585 2052 Paris
602 1993 763 2053 aedificare
781 1993 922 2062 carinas

180 2089 290 2171 Longa
304 2091 370 2150 dies
383 2089 479 2169 igitur
494 2089 566 2169 quid
582 2090 736 2164 contulit?
756 2091 860 2150 omnia
874 2091 954 2150 vidit
1140 2107 1191 2152 205

180 2187 298 2249 Eversa
312 2199 344 2248 et
359 2187 490 2248 flammis
504 2186 611 2246 Asiam
626 2187 764 2266 ferroque
779 2188 950 2249 cadentem.

180 2286 270 2348 Tunc
285 2286 373 2347 miles
387 2278 537 2346 tremulus
550 2284 652 2364 posita
666 2285 738 2344 tulit
753 2303 837 2344 arma
851 2283 930 2344 tlara
972 2284 975 2288 ’

179 2383 224 2445 Et
237 2385 299 2445 ruit
314 2379 385 2445 ante
400 2403 484 2444 aram
498 2381 609 2442 summi
621 2381 643 2442 J
644 2382 719 2456 ovis,
734 2391 770 2441 ut
785 2382 907 2441 vetulus
922 2382 993 2454 bosf

181 2481 244 2554 Qui
258 2482 376 2541 domini
390 2481 497 2542 cultris
511 2489 605 2540 tenue
621 2488 652 2538 et
666 2478 838 2538 miserabile
853 2479 967 2538 collum

180 2578 316 2640 Praebet·
329 2579 368 2638 ab
382 2578 413 2637 in
437 2589 505 2638 rato
514 2577 581 2656 jam
595 2575 751 2636 fastiditus
766 2585 876 2636 aratro.
958 2627 966 2638 .

180 2675 293 2736 Exitus
306 2625 358 2735 ille
373 2599 530 2758 tritaque
544 2673 677 2750 hominis
686 2692 695 2748 ;
716 2635 999 2756 sectorvqit'iittb
1121 2697 1131 2726 r

120 2826 123 2832 .
180 2769 321 2832 Latravit
334 2771 414 2831 rictu
429 2774 507 2850 quale
521 2752 592 2850 polt
606 2771 688 2830 hunc
703 2759 823 2828 vixerat
838 2789 923 2828 uxor.

27 2924 30 2934 .
86 2943 88 2947 ,
180 2869 288 2929 Festin
323 2868 362 2928 ad
377 2878 497 2928 nostros
512 2877 544 2927 et
558 2887 663 2946 regem
678 2876 801 2927 transeo
816 2865 912 2926 Ponti

180 2966 223 3026 Et
238 2965 264 3026 O
281 2952 395 3038 oeiilin,
407 2983 498 3043 quem
512 2984 573 3024 vox
583 2964 661 3043 justi
674 2964 807 3025 facunda
823 2961 945 3023 Solonis

180 3059 345 3141 Respicere
360 3062 399 3121 ad
414 3062 524 3141 longae
534 3062 586 3139 jus
602 3062 627 3121 it
641 3062 740 3140 spatia
754 3061 864 3123 ultima
877 3061 971 3121 vitae.
1077 3065 1080 3072 “
1138 3077 1187 3122 275
1276 3101 1280 3108 ·

180 3160 333 3220 Exsilium
348 3168 380 3218 et
394 3177 497 3219 carcer
510 3158 556 3242 Mi
655 3179 800 3238 arurnque
815 3160 944 3238 paludes

180 3256 224 3316 Et
237 3257 429 3316 mendicatus
444 3254 527 3314 victa
541 3255 728 3334 Carthagine
742 3255 831 3334 panis
841 3247 936 3348 Mal.

60 3397 72 3407 .
181 3352 264 3411 nine
279 3371 385 3412 causas
399 3330 666 3434 habuerepleuid
681 3352 734 3411 1110
749 3352 815 3411 aas
829 3352 951 3412 tulisset

180 3448 303 3508 Natura
316 3449 347 3508 in
363 3435 460 3522 terris,
476 3447 551 3526 quid
565 3447 666 3508 Roma
681 3449 800 3508 beatius
815 3468 958 3528 unquam,
986 3523 989 3530 Α

181 3543 216 3604 Si
230 3543 439 3603 circumducto
453 3543 646 3621 captivorum
660 3543 782 3623 agmine
797 3553 828 3604 et
842 3545 927 3604 omni
1066 3543 1076 3562 ¹
1137 3561 1185 3608 280
