2598 4170
146 314 188 380 20
391 395 393 402 ⁴
451 329 486 375 n.
502 329 605 376 suun
626 329 856 397 aurursus,

147 497 316 558 Servabat:
336 495 506 652 τῆιῖἓιὲἑίο
521 507 666 576 properat
679 497 767 557 velut
781 503 890 576 urgeat
903 495 1039 556 Auster:

145 595 253 674 thue
268 595 351 654 lacus
366 607 402 653 su
442 603 520 666 rant,
537 593 589 652 ubi
604 613 780 673 quanquam
794 592 898 652 diruta
911 601 1014 652 servat

145 693 256 773 Ignem
270 691 439 771 Trojanum
453 700 485 749 et
498 689 629 750 Vestam
645 693 719 752 oolit
733 693 817 752 Alba
830 691 990 764 minorem,

146 789 277 850 Obstitit
290 788 419 848 intranti
434 787 573 848 miratrix
587 789 679 848 turba
692 809 866 869 parumper.

145 887 194 949 Ut
209 888 308 961 cessit,
322 886 405 945 facili
419 894 588 965 patuerunt
602 887 726 947 cardine
742 889 869 964 valvae;

144 987 272 1047 Exclusi
286 995 428 1066 spectant
443 987 576 1048 admissa
590 988 718 1048 obsonia
732 989 850 1049 Patres.

144 1086 214 1146 Itur
227 1085 267 1146 ad
281 1085 424 1146 Atriden.
464 1085 546 1144 Tum
560 1085 681 1162 Picens,
695 1087 862 1167 “Aooipess’
877 1088 966 1162 dixit,

144 1191 161 1221 “
171 1182 307 1246 Privatis
320 1183 437 1262 majora
449 1169 544 1243 fooisi
565 1185 694 1264 genialis
708 1196 819 1266 agatur

143 1283 208 1344 Iste
223 1283 307 1343 dies:
328 1303 460 1362 propera
473 1284 665 1343 stomachum
678 1285 781 1344 laxare
796 1255 918 1366 suffit,

144 1380 187 1440 Et
201 1390 256 1441 tus
270 1391 427 1440 servatum
441 1400 586 1441 oonsume
600 1381 633 1441 in
647 1383 750 1442 seeula
763 1383 935 1442 rhombum.

143 1478 215 1559 Ipse
230 1477 298 1558 oapi
312 1477 364 1539 vol
387 1476 436 1537 it.'’
480 1476 565 1550 Quid
579 1480 737 1558 apertius?
758 1488 908 1541 ettamen
922 1479 968 1540 illi

145 1575 320 1656 Surgebant
334 1498 385 1636 od
409 1595 453 1635 ae.
493 1574 582 1635 Nihil
596 1585 643 1642 est
657 1577 740 1656 quod
755 1578 878 1638 eredere
893 1577 932 1636 de
946 1596 980 1638 se

143 1672 216 1732 Non
230 1673 327 1753 possit
342 1692 437 1752 quum
450 1673 595 1734 laudatur
608 1673 656 1734 dis
671 1693 769 1754 aequa
782 1683 929 1753 potestas.

144 1772 206 1834 sed
221 1773 328 1834 deerat
340 1772 417 1852 pisoi
430 1773 555 1852 patinae
568 1791 719 1833 mensura
760 1771 923 1833 Vocantur
957 1779 960 1794 '

143 1869 227 1950 Ergo
241 1868 274 1929 in
288 1869 449 1929 eonsilium
463 1888 613 1948 proceres,
628 1889 704 1950 quos
718 1869 826 1930 oderat
839 1870 900 1944 iile,

142 1966 181 2027 In
196 1986 327 2047 quorum
340 1965 416 2026 faeie
431 1966 558 2026 miserae
572 1985 763 2046 magnaeque
777 1961 906 2027 sedebat

143 2063 249 2124 Pallor
263 2063 423 2125 amicitiae.
465 2063 589 2124 Primus
603 2064 755 2124 clamante
769 2061 907 2124 Liburno

143 2169 159 2200 “
170 2161 300 2235 Currite,
314 2161 382 2240 jam
395 2160 493 2221 sediti
505 2159 520 2189 ”
541 2170 630 2240 rapta
643 2162 827 2240 properabat
842 2162 942 2221 abolla
1056 2218 1066 2232 ,

141 2259 289 2340 Pegasus,
304 2257 454 2320 attonitae
469 2259 587 2337 positus
598 2258 695 2340 ⁸modo
709 2258 830 2318 villicus
844 2258 934 2319 Urbi.

37 2339 235 2450 Marinae
250 2357 342 2417 aliud
348 2356 423 2417 tune
435 2356 607 2437 praefecti?
628 2375 758 2434 quorum
773 2323 1013 2435 optimud‘ffque

140 2421 298 2536 Ididfpres
312 2454 416 2534 legum
431 2453 656 2527 sanctissimum
678 2452 782 2512 omnia
795 2471 970 2532 quenquam

141 2552 345 2632 Temporibus
359 2551 433 2612 diris
446 2551 611 2611 tractanda
624 2550 755 2629 putabat
765 2548 875 2608 inermi

140 2649 278 2710 Justitia.
318 2648 417 2709 Venit
431 2656 464 2709 et
479 2647 579 2726 Crispi
592 2647 732 2727 jucunda
746 2654 895 2722 senectus,
1078 2692 1086 2702 .

143 2747 239 2827 Cujus
254 2755 342 2807 erant
356 2765 455 2807 mores
470 2744 569 2825 qualis
582 2743 734 2816 facundia,
748 2742 832 2803 mite·
843 2717 1035 2788 W

140 2844 313 2925 Ingenium.
353 2842 455 2903 Maria
469 2861 505 2902 ao
518 2851 615 2900 terras
630 2841 821 2920 populosque
836 2839 956 2920 regenti

142 2942 220 3015 Quis
234 2961 337 3003 eomes
351 2941 463 3020 utilior,
478 2939 503 3000 si
518 2938 605 2999 olade
621 2948 653 2998 et
666 2945 752 3016 peste
768 2937 824 2997 sub
838 2937 892 2996 illa

142 3039 311 3100 Saevitiam
325 3037 471 3097 damnare
486 3047 517 3097 et
531 3037 696 3095 honestum
711 3033 816 3093 afferre
831 3034 938 3095 liceret

141 3135 333 3197 Consilium?
375 3132 437 3193 Sed
452 3133 527 3213 quid
540 3131 707 3192 violentius
721 3150 793 3191 aure
807 3132 940 3210 tyranni,

141 3233 296 3311 Cumque
311 3231 349 3290 de
363 3230 475 3310 pluviis
490 3239 544 3290 aut
559 3230 693 3290 aestibus
708 3238 762 3289 aut
776 3229 916 3290 nimboso
969 3307 974 3315 ι

140 3329 224 3390 Vere
238 3327 373 3388 locuturi
385 3327 483 3387 fatum
497 3293 653 3406 pdtdbtat
668 3325 782 3386 amici?

140 3425 198 3486 Ille
211 3425 307 3505 igitur
321 3443 480 3503 nunquam
494 3423 607 3484 direxit
620 3423 749 3484 brachia.
758 3433 866 3484 eontra

140 3523 331 3609 Torrentem,
346 3540 404 3582 neo
419 3520 494 3582 civis
509 3529 576 3581 erat
590 3521 643 3600 qui
656 3520 753 3580 libera
765 3530 870 3601 posset

1119 605 1155 654 60

1117 1099 1153 1147 65

1118 1590 1150 1637 70
1255 1634 1261 1641 .

1013 2077 1146 2138 ,aa

1113 2563 1144 2611 st

1112 3025 1146 3096 ss

1112 3537 1142 3584 90
