2604 4160
524 395 661 445 sarrae
685 395 762 443 xrv.
1102 371 1143 438 85

133 563 192 624 Nil
207 562 340 623 vetitum
354 561 461 624 fecisse
476 563 561 623 volet
575 582 667 642 quem
680 581 743 622 non
756 559 855 640 pudet
870 558 934 618 alto
1095 568 1143 616 1815

134 661 199 720 Per
211 659 344 740 glaciem
358 679 472 738 perone
486 657 561 739 tegi,
576 658 629 737 qui
643 665 817 718 summovet
830 653 930 716 Etuos

135 756 275 817 Pellibus
288 755 425 816 inversis.
467 755 636 835 Peregrina
649 755 815 833 ignotaque
830 751 918 812 nobis

134 853 190 912 Ad
205 853 302 912 scelus
318 859 412 931 atque
427 851 520 924 nefas,
535 869 735 930 quaecuuque
749 857 806 922 est,
819 845 955 928 purpura
969 845 1082 910 ducit?

135 951 224 1009 Haec
237 949 282 1008 illi
296 958 417 1010 veteres
431 956 596 1026 praecepta
610 946 795 1007 minoribus:
816 954 849 1004 at
862 964 945 1006 nuno

134 1046 214 1107 Post
227 1045 320 1106 finem
335 1043 475 1106 autumni
490 1043 592 1102 media
606 1043 645 1102 de
659 1053 751 1102 nocte
766 1041 909 1121 supinum
1097 1055 1143 1102 190

135 1144 297 1205 Clamosus
312 1138 462 1223 juvenem
475 1149 565 1220 pater
581 1138 716 1200 excitat:
739 1138 885 1217 “Accipe
899 1155 992 1211 ceras,

136 1239 251 1314 Scribe,
266 1259 350 1318 puer,
365 1238 468 1318 vigila,
482 1255 589 1298 causas
604 1255 671 1315 age,
687 1236 811 1315 perlege
827 1234 934 1294 rubras

133 1335 291 1414 blajorum
304 1336 389 1416 leges
404 1342 457 1394 aut
472 1333 569 1394 vitem
583 1351 676 1413 posce
691 1331 804 1392 libello.
978 1329 986 1338 “

136 1433 200 1492 Sed
215 1443 308 1512 caput
321 1431 473 1492 intactum
487 1431 571 1492 buxo
586 1450 736 1510 naresque
751 1430 864 1510 pilosas

133 1531 278 1589 Annotet
293 1539 324 1590 et
339 1529 471 1608 grandes
485 1528 615 1589 miretur
629 1526 753 1588 Laelius
769 1529 840 1588 alas.
1096 1542 1142 1590 195

132 1626 232 1685 Dirue
246 1625 426 1686 Maurorum
440 1625 581 1704 attegias,
596 1626 723 1685 castella
738 1625 933 1705 Brigantum,

133 1722 182 1784 Ut
197 1723 383 1803 locupletem
396 1722 531 1802 aquilam
545 1722 602 1782 tibi
617 1723 829 1802 sexagesimus
845 1742 943 1782 arruns

131 1821 271 1881 Afferat:
293 1827 347 1878 aut
361 1821 470 1900 longos
485 1829 655 1896 castrorum
671 1820 749 1880 ferre
764 1821 883 1880 labores

133 1917 168 1976 Si
183 1916 269 1996 piget
284 1925 316 1976 et
330 1915 487 1995 trepidum
502 1916 627 1978 solvunt
641 1916 699 1976 tibi
713 1936 827 1978 cornua
842 1926 983 1978 ventrem

132 2013 213 2073 Cum
227 2011 312 2072 lituis
327 2011 442 2086 audita,
456 2031 545 2091 pares
560 2013 645 2092 quod
659 2014 794 2074 vendere
809 2013 907 2094 possis
1093 2029 1141 2076 200
1211 2035 1215 2042 ’

130 2109 235 2169 Pluris
249 2108 386 2183 dimidio,
401 2128 458 2168 nec
472 2118 505 2168 te
519 2109 645 2169 fastidia
659 2110 769 2170 mercis

130 2206 237 2267 Ullius
251 2207 382 2266 subeant
397 2205 588 2286 ablegandae
604 2205 741 2268 Tiberim
756 2209 845 2281 ultra,

131 2303 205 2362 Neu
219 2302 326 2362 credas
340 2303 521 2381 ponendum
536 2303 653 2382 aliquid
669 2303 853 2364 discriminis
867 2304 948 2365 inter

131 2397 305 2478 Unguenta
319 2407 351 2458 et
366 2398 491 2458 corium.
532 2398 625 2459 Lucri
639 2398 738 2460 bonus
753 2410 800 2460 est
815 2401 893 2461 odor
906 2421 944 2462 ex
959 2421 991 2463 re

132 2493 288 2564 Qualibet.
329 2494 389 2554 Illa
403 2503 458 2554 tuo
474 2495 628 2556 sententia
643 2515 763 2575 semper
777 2497 809 2556 in
823 2517 875 2558 ore
1091 2511 1139 2558 205

130 2587 283 2648 Versetur
297 2589 344 2648 dis
360 2599 453 2668 atque
467 2589 534 2669 ipso
547 2588 629 2650 Jove
644 2591 739 2670 digna
753 2601 880 2669 poetae:

131 2682 227 2745 Unde
241 2685 355 2745 habeas
370 2685 489 2766 quaerit
504 2706 604 2759 nemo,
618 2687 673 2746 sed
688 2697 810 2766 oportet
824 2687 962 2748 habere.’'

131 2781 202 2840 Hoc
216 2790 391 2842 monstrant
405 2783 529 2842 vetulae
543 2785 647 2862 pueris
662 2784 838 2863 repentibus
854 2805 939 2845 assae
948 2805 956 2859 ;

130 2877 201 2936 Hoc
216 2877 340 2938 discunt
355 2899 461 2938 omnes
476 2889 549 2939 ante
564 2880 656 2958 alpha
670 2890 701 2940 et
715 2881 788 2940 beta
802 2881 931 2960 puellae.

130 2973 258 3034 Talibus
272 2974 441 3035 instantem
455 2975 582 3036 monitis
597 2997 808 3056 quemcunque
823 2963 983 3057 parentem
1091 2994 1137 3039 210

131 3070 184 3130 Sic
197 3091 320 3150 possem
335 3072 435 3131 afflari:
456 3071 525 3145 Dic,
540 3092 558 3132 o
573 3073 744 3148 vanissime,
760 3075 827 3153 quis
840 3084 872 3133 te

129 3166 291 3227 Festinare
307 3167 424 3246 jubet?
444 3167 604 3230 meliorem
617 3180 739 3250 praesto
753 3171 902 3250 magistro

128 3263 334 3342 Discipulum.
378 3263 511 3326 Securus
525 3265 584 3340 abi,
599 3267 738 3340 vinceris,
753 3275 789 3326 ut
802 3267 885 3347 Ajax

129 3358 296 3420 Praeteriit
310 3360 520 3438 Telamonem,
535 3372 571 3424 ut
585 3363 679 3423 Pelea
694 3363 768 3423 vicit
783 3363 929 3424 Achilles.

129 3455 327 3517 Parcendum
341 3467 389 3518 est
403 3458 537 3535 teneris;
557 3461 697 3520 nondum
712 3459 879 3538 implevere
893 3459 1044 3520 medullas
1089 3476 1136 3521 215

129 3552 273 3614 Matutae
287 3553 369 3614 mala
382 3554 547 3634 nequitiae.
588 3555 693 3628 Quum
707 3565 830 3636 pectere
844 3556 972 3616 barbam
