2598 4170
531 390 669 440 sauma
693 391 729 439 v.
1089 369 1131 436 25
1169 423 1171 428 .

125 565 180 641 Et,
193 585 233 625 ne
248 573 280 625 te
294 571 427 634 teneam,
441 559 654 620 Romanorum
668 557 771 618 omnia
784 577 893 637 regum

125 662 261 722 Frivola
304 659 397 731 Quod
413 676 509 736 quum
523 655 566 714 ita
582 655 632 729 sit,
647 663 683 714 tu
696 655 863 715 Gaetulum
879 653 1091 733 Ganymedem

125 759 259 840 Respice
274 775 370 838 quum
385 755 478 815 sities.
519 751 629 813 Nescit
645 761 693 812 tot
707 751 842 811 millibus
857 761 979 830 emptus
1099 764 1131 811 oo

126 857 302 938 Pauperibu
333 855 460 931 miscere
474 870 569 932 puer:
590 850 646 910 sed
659 850 766 924 forma,
781 849 834 910 sed
848 860 934 912 aetas

125 956 230 1038 Digna
244 923 434 1034 supersddld
458 948 592 1020 Quando
608 949 648 1007 ad
662 958 695 1007 te
709 946 850 1026 pervenit
864 946 940 1006 ille?

126 1052 260 1124 Quando
275 1059 403 1111 vocatus
417 1049 506 1108 adest
622 1065 638 1106 e
653 1045 834 1124 gelidaeque
849 1043 1011 1104 minister?

125 1150 250 1229 Quippe
264 1148 445 1227 indignatur
461 1144 560 1204 veteri
574 1162 682 1224 parere
696 1141 811 1214 clienti,

124 1246 280 1324 Quodque
296 1245 409 1324 aliquid
424 1263 533 1324 poscas
548 1252 580 1302 et
595 1241 678 1322 quod
693 1259 725 1300 se
741 1248 843 1300 stante
856 1237 1024 1298 recumbas.
1098 1251 1130 1298 65

123 1343 263 1403 Maxima
277 1362 415 1422 quaeque
430 1342 540 1403 domus
556 1338 653 1399 servis
668 1347 714 1397 est
729 1337 820 1416 plena
834 1335 980 1415 superbis.
1068 1377 1071 1382 -

122 1440 188 1501 Ecc
221 1440 298 1500 alius
313 1449 427 1520 quanto
441 1439 578 1518 porrexit
594 1455 750 1496 murmure
765 1453 877 1514 panem

122 1537 189 1599 Vix
281 1493 474 1610 {illl-solidae
486 1535 554 1615 jam
567 1535 692 1594 mucida
706 1534 801 1591 frusta
816 1530 939 1603 farinae,

122 1635 212 1707 Quae
248 1605 395 1693 erldldtllir
410 1633 529 1712 agitent
543 1652 605 1692 nou
622 1629 820 1694 admittentia
834 1647 988 1688 morsum:

122 1732 186 1793 Sed
200 1741 333 1793 teneret
347 1731 454 1790 niveus
468 1729 614 1808 mollique
629 1728 751 1807 siligine
764 1727 864 1786 sactus
1098 1737 1128 1784 70

122 1829 273 1890 Servatur
287 1827 422 1887 domino.
463 1826 615 1886 Dextram
632 1826 773 1885 cohibere
788 1831 959 1883 memento:

121 1925 216 1997 Sala
246 1925 270 1984 't
388 1929 425 1982 'ae
440 1923 622 1983 reverentia.
664 1921 763 2002 Finge
777 1930 882 1981 tamen
895 1929 928 1980 tc

118 1945 344 2101 Idm,
360 2029 497 2100 superest
510 2019 574 2078 illic
589 2019 642 2098 qui
656 2039 770 2098 ponere
785 2010 885 2097 cogat.

119 2119 207 2180 “Vis
221 2127 257 2178 tu
272 2117 426 2178 consuetis
441 2117 543 2176 audax
558 2117 690 2176 conviva
705 2116 844 2176 canistris

119 2215 246 2294 Impleri
261 2215 408 2294 panisque
423 2213 469 2272 tui
484 2213 606 2273 novisse
622 2214 755 2274 colorem
765 2212 781 2272 l
792 2212 851 2258 ”-

119 2313 273 2374 “Scilicet
288 2312 347 2371 hoc
361 2311 461 2370 fuerat
475 2321 601 2390 propter
616 2312 697 2390 quod
714 2330 804 2390 saepe
818 2310 927 2379 relicta

120 2409 261 2489 Oonjuge
275 2428 331 2488 per
344 2416 483 2466 montem
498 2407 661 2467 adversum
675 2409 856 2488 gelidasque
871 2405 990 2468 cucurri

118 2506 281 2585 Esquilias,
291 2474 444 2563 adiuti
454 2522 545 2564 saeva
561 2524 601 2583 qu
626 2525 656 2564 rn
671 2506 821 2584 grandine
836 2524 948 2566 vernus

117 2603 139 2665 J
141 2603 263 2682 uppiter
277 2611 309 2662 et
323 2602 422 2665 multo
438 2601 569 2662 stillaret
584 2525 718 2681 &dala
732 2604 856 2666 nimbo!
868 2602 926 2650 ’'-

118 2699 233 2779 Aspice
248 2719 340 2778 quam
353 2699 447 2778 longo
463 2657 621 2760 arsilirias
637 2697 762 2780 pectore
776 2703 895 2763 lancem
1092 2713 1123 2760 80

118 2793 207 2866 Quae
220 2794 317 2854 fertur
331 2793 456 2854 domiuo
509 2813 539 2852 111
562 2798 590 2869 a,
608 2797 765 2877 atquibus
780 2799 915 2878 undique
928 2802 1017 2878 'septa

116 2891 295 2970 Asparagis,
309 2910 369 2969 qua
384 2890 533 2970 despiciat
549 2895 693 2954 convivia
707 2895 805 2955 cauda

118 2987 224 3060 Quum
237 2988 325 3049 venit
340 2989 452 3049 excelsi
468 2991 611 3052 manibus
625 2992 746 3052 sublata
759 2991 898 3053 ministri.

118 3086 181 3147 Sed
195 3085 252 3146 tibi
267 3085 395 3148 dimidio
412 3088 596 3148 constrictus
611 3107 781 3150 cammarus
796 3109 856 3149 ovo

116 3182 257 3256 Ponitur,
272 3181 384 3262 exigua
399 3184 501 3244 feralis
516 3203 613 3244 coena
626 3186 749 3264 patella.

116 3276 187 3357 Ipse
201 3277 381 3339 Venafrano
396 3278 511 3358 piscem
526 3279 700 3359 perfundit:
721 3287 753 3340 at
767 3280 817 3340 hio
831 3279 883 3360 qui

117 3373 256 3434 Pallidus
272 3374 399 3440 affertur
414 3375 525 3436 misero
539 3374 706 3437 tibi'oaulis
721 3376 816 3438 oleb't

116 3447 303 3566 th'ffirnam:
325 3471 400 3531 illud
416 3472 499 3532 enim
515 3472 624 3532 vestris
640 3473 731 3533 datur
745 3397 870 3535 aldeiffis
885 3473 968 3554 quod

118 3568 226 3629 Canna
240 3567 438 3647 Micipsarum
453 3588 544 3648 prora
557 3568 702 3710 ¹³th
717 3579 815 3645 acuta,
