2604 4160
171 385 213 451 84
490 402 525 451 n.
541 401 643 450 suun
665 401 872 450 uurrunnrns

171 567 281 641 “Quid
296 577 387 630 nocet
401 566 524 628 haeci’'
538 567 648 648 inquit.
688 567 866 628 “Tunicam
884 567 960 628 mihi
978 567 1061 628 malo
1078 567 1177 648 lupini

172 664 276 737 Quam
289 665 314 725 si
329 685 378 724 me
392 673 461 725 toto
474 665 582 725 laudet
597 664 708 724 vicinia
722 683 802 744 pago

171 750 286 841 Exigui
300 761 378 821 ruris
392 759 575 841 paucissima
588 760 668 820 farra
682 761 866 822 secantem.'’
1132 776 1178 823 155

172 858 299 919 Scilicet
314 867 345 920 et
359 857 474 918 morbis
488 865 520 917 et
534 856 694 918 debilitate
708 857 825 918 carebis

171 955 214 1016 Et
227 955 347 1015 luctum
361 964 392 1015 et
407 974 512 1014 curam
526 943 660 1034 effirgies,
676 963 708 1015 et
721 964 862 1036 tempora
875 955 958 1017 vitae

170 1052 280 1131 Longa
295 1051 351 1112 tibi
364 1059 434 1131 post
449 1051 525 1111 baec
539 1050 604 1110 l'ato
618 1051 744 1111 meliore
760 1052 924 1126 dabuntur,

173 1150 206 1210 si
221 1159 344 1209 tanturn
359 1148 434 1208 culti
449 1149 532 1208 solus
546 1149 718 1227 possederis
733 1149 798 1229 agri

173 1248 332 1319 Quantum
348 1245 403 1304 sub
418 1243 511 1306 Tatio
524 1245 656 1324 populus
670 1245 829 1308 Romanus
843 1246 958 1307 arabat.

172 1345 249 1404 Mox
264 1344 357 1403 etiam
372 1342 474 1402 fractis
490 1351 592 1403 aetate
607 1363 642 1404 ac
657 1343 776 1404 Punica
790 1343 885 1422 passis

173 1439 296 1500 Proelia
309 1439 360 1498 vel
376 1439 530 1518 Pyrrhum
545 1440 712 1500 immanem
725 1441 904 1520 gladiosque
919 1439 1070 1502 Molossos

172 1537 314 1596 Tandem
328 1553 384 1615 pro
400 1537 504 1597 multis
519 1536 572 1598 vix
587 1537 699 1617 jugera
711 1537 785 1597 bi'na
799 1538 953 1597 dabantur

172 1634 371 1696 Vulneribus.
413 1632 533 1694 Merces
547 1634 622 1694 liaeo
636 1634 793 1713 sanguinis
808 1643 900 1713 atque
914 1633 1026 1694 laboris

172 1734 276 1794 Nullis
291 1733 356 1792 visa
370 1751 505 1810 unquam
520 1731 637 1792 meritis
652 1731 751 1791 minor
765 1740 818 1790 aut
830 1731 970 1810 ingratae
1134 1745 1182 1792 165

174 1832 271 1893 Curta
284 1830 362 1890 fides
376 1829 502 1908 patriae.
546 1827 711 1888 Saturabat
725 1827 849 1907 glebula
863 1827 934 1888 talis

173 1929 299 1990 Patrem
314 1928 415 2007 ipsum
426 1925 607 2005 turbamque
622 1943 719 1997 casae,
734 1942 794 2003 qua
807 1923 870 1984 feta
885 1923 1011 2004 jacebat

173 2025 272 2100 Uxor,
288 2034 320 2085 et
334 2024 465 2084 infantes
479 2021 628 2082 ludebant
644 2031 784 2101 quatuor,
800 2041 879 2082 unus

173 2123 321 2196 Vernula
337 2131 401 2182 tres
415 2119 552 2194 domini;
573 2118 627 2179 sed
642 2119 762 2198 magnis
777 2118 921 2182 iratribus
934 2117 1042 2177 horum

174 2221 204 2280 A
219 2221 325 2281 scrobe
341 2219 391 2279 vel
405 2219 489 2278 sulco
504 2216 704 2276 redeuntibus
719 2216 814 2275 altera
828 2233 924 2274 coena

173 2318 318 2397 Amplior
332 2326 364 2377 et
377 2315 510 2396 grandes
524 2313 685 2373 fumabant
698 2312 835 2391 pultibus
849 2310 936 2372 ollae.

174 2415 268 2475 Nune
282 2414 392 2475 modus
407 2414 457 2473 bic
471 2411 537 2491 agri
551 2417 656 2470 nostro
670 2429 732 2468 non
748 2407 858 2467 sufficit
872 2407 971 2467 horte.

175 2510 252 2571 Inde
268 2513 329 2572 fere
344 2512 491 2572 scelerum
508 2525 634 2580 cansae3
654 2524 711 2564 nec
725 2504 813 2584 plura
827 2521 947 2562 venena

174 2608 301 2668 Miscuit
316 2616 369 2667 aut
383 2606 462 2666 ferro
476 2613 634 2685 grassatur
648 2601 768 2680 saepius
784 2600 881 2659 ullum

175 2705 338 2765 Humanae
353 2704 465 2764 inentis
479 2701 590 2762 vitium
606 2719 698 2780 quam
713 2717 804 2758 saeva
819 2695 931 2775 cupido

174 2800 337 2862 Immodioi
352 2818 477 2873 oensus;
497 2817 570 2858 nam
584 2797 671 2856 dives
686 2794 738 2874 qui
752 2793 817 2852 fieri
831 2792 908 2866 vult,

174 2899 218 2958 Et
232 2898 293 2958 cito
309 2898 375 2957 vult
389 2895 464 2956 fieri.
506 2894 568 2954 sed
583 2913 661 2973 quae
676 2889 849 2952 reverentia
863 2889 976 2968 legum,

176 2995 254 3068 Quis
269 3003 369 3054 metus
384 3001 436 3052 aut
451 2992 551 3071 pudor
565 2998 611 3050 est
626 3009 761 3068 unquam
777 2985 969 3067 properantis
983 2982 1091 3044 avari?

176 3101 193 3130 “
204 3092 312 3152 Vivite
327 3089 465 3151 contenti
479 3088 589 3148 casulis
604 3095 636 3146 et
650 3086 779 3146 collibus
793 3084 868 3158 istis,

175 3186 330 3268 Opueri,”
344 3187 465 3246 Marsus
480 3183 603 3244 dicebat
616 3190 648 3241 et
663 3180 816 3241 Hernicus
831 3180 905 3240 olim
1132 3181 1183 3229 180

175 3285 385 3363 Vestinusque
399 3300 512 3355 senex3
533 3287 670 3359 “panem
684 3297 866 3357 quaeramus
880 3282 982 3336 aratro

176 3381 239 3454 Qui
253 3381 327 3440 satis
341 3388 388 3439 est
402 3377 531 3437 mensis:
553 3375 683 3435 laudant
696 3374 755 3434 hoc
769 3375 896 3433 numina
908 3373 987 3433 ruris

177 3475 316 3548 Quorum
331 3494 388 3554 ope
404 3482 436 3533 et
450 3470 564 3533 auxilio
577 3479 684 3551 gratae
698 3479 769 3549 post
781 3489 894 3529 munus
909 3469 1020 3530 aristas

178 3571 374 3649 Contingunt
386 3567 504 3628 homini
518 3566 632 3627 veteris
647 3565 769 3626 fastidio
783 3585 920 3646 quercus.
