2604 4160
179 361 219 427 86
497 375 533 422 o.
550 375 653 422 noun
674 374 885 426 aurursus

177 542 322 624 Coeperit
336 552 368 604 et
381 541 467 622 longi
481 561 658 604 mucronem
673 540 836 601 admittere
850 541 949 616 cultri,

177 640 287 701 Falsus
301 641 360 700 erit
373 640 469 714 testis,
485 639 601 700 vendet
614 637 749 718 perjuria
761 657 882 698 summa

69 733 72 740 ’
176 737 307 816 Exigua,
323 735 442 798 Cereris
456 745 587 815 tangens
602 754 746 814 aramque
760 734 940 814 pedemque.

176 833 300 894 Elatam
315 833 383 912 jam
396 831 486 893 crede
500 851 621 905 nurum,
636 830 662 890 si
675 830 781 890 limina
794 840 899 890 vestra
1137 851 1186 897 220

176 930 336 992 Mortifera
350 949 421 990 cum
435 929 508 989 dotc
523 927 614 988 subit
656 926 776 998 Quibus
790 926 843 986 illa
856 938 1013 1007 premetur
1123 943 1129 951 ·
1286 923 1287 941 ¹

177 1027 239 1088 Per
253 1033 394 1088 somnum
409 1024 530 1104 digitis!
552 1043 624 1083 nam
639 1042 717 1103 quac
731 1031 873 1102 terraque
887 1025 1024 1105 marique

177 1123 375 1203 Aequirenda
388 1130 480 1202 putas
493 1119 616 1180 brevior
629 1119 680 1178 via
693 1119 830 1180 conseret
843 1119 902 1180 illi..

176 1220 290 1280 Nullus
305 1219 387 1279 enim
400 1216 507 1298 magni
520 1215 641 1277 sceleris
656 1216 749 1276 labor.
791 1215 905 1278 “Haec
919 1237 978 1298 ego
991 1239 1154 1301 nunquam
1202 1234 1207 1241 '

177 1315 354 1390 Mandavi,”
370 1314 453 1374 dices
467 1314 549 1388 olim,
563 1319 646 1374 “neo
660 1312 735 1374 talia
748 1312 855 1374 suasi.”
1136 1333 1185 1378 225

176 1414 293 1476 Mentis
307 1431 399 1474 causa
412 1412 511 1471 malae
524 1418 631 1471 tamen
645 1418 692 1470 est
706 1419 738 1471 et
753 1410 839 1490 origo
852 1431 947 1492 penes
960 1419 1000 1473 te.

177 1513 261 1574 Nam
275 1509 411 1592 quisquis
424 1508 530 1589 magni
543 1527 652 1569 census
666 1508 822 1588 praecepit
837 1528 971 1570 amorem

177 1609 220 1670 Et
234 1611 322 1670 laevo
338 1606 457 1669 monitu
472 1624 583 1685 pueros
597 1604 741 1684 producit
756 1625 873 1680 avaros,

177 1707 220 1768 Et
235 1708 287 1788 qui
300 1727 356 1787 per
368 1704 491 1766 fraudes
504 1703 690 1784 patrimonia
704 1703 929 1783 conduplicare,

176 1805 241 1864 Dat
255 1805 429 1864 libertatem
444 1810 477 1862 et
491 1809 573 1861 totas
588 1800 719 1860 effundit
733 1801 867 1861 habenas

177 1901 354 1974 Our·riculo;
376 1918 467 1979 quem
481 1897 507 1958 si
520 1917 646 1959 revoces
660 1897 824 1959 subsistere
838 1899 936 1961 nescit
1005 1980 1008 1986 =

177 1998 219 2058 Et
234 2007 265 2058 te
280 2008 459 2078 contempto
472 1997 591 2077 rapitur
606 1995 756 2076 metisque
770 1997 894 2058 relictis.

176 2095 279 2156 Nemo
293 2095 367 2156 satis
381 2095 481 2156 credit
494 2102 618 2156 tantum
633 2093 811 2173 delinquere
826 2104 977 2174 quantum
1091 2091 1095 2096 ⁷

177 2192 362 2252 Permittas:
383 2191 462 2253 adeo
475 2191 639 2271 indulgent
653 2191 711 2252 sibi
724 2191 816 2252 latius
830 2191 897 2272 ipsi.

177 2289 282 2361 Quum
296 2290 372 2350 diois
388 2289 497 2369 juveni
512 2289 642 2351 stultum
656 2288 709 2368 qui
723 2290 820 2350 donet
834 2289 941 2365 amico,

177 2387 238 2460 Qui
253 2396 467 2466 paupertatem
481 2386 565 2446 levet
579 2386 762 2466 attollatque
777 2387 949 2467 propinqui,

175 2485 218 2544 Et
232 2484 362 2564 spoliare
377 2484 470 2544 doces
483 2490 516 2543 et
530 2482 777 2544 circumscribere
791 2493 823 2543 et
838 2485 923 2545 omni

176 2581 310 2642 Crimine
325 2580 449 2640 divitias
464 2580 629 2659 acquirere,
645 2599 773 2660 quarum
788 2599 875 2641 amor
887 2581 920 2641 in
934 2591 967 2642 te

176 2677 320 2748 Quantus
335 2685 401 2736 erat
415 2677 533 2756 patriae
547 2676 716 2738 Deciorum
730 2677 761 2738 in
776 2688 910 2758 pectore,
925 2687 1075 2760 quantum

175 2773 294 2833 Dilexit
308 2772 439 2846 Thebas,
454 2773 481 2834 si
495 2773 624 2834 Graecia
637 2793 719 2848 vera,
733 2774 930 2850 Menoeceus,

175 2869 213 2930 In
228 2870 464 2952 qrrorumsulcis
479 2870 616 2950 legiones
631 2871 776 2932 dentibus
791 2874 900 2953 anguis
992 2865 996 2872 ’

176 2967 255 3028 Cum
269 2965 375 3046 clipeis
389 2976 559 3028 nascuntur
573 2977 605 3028 et
618 2967 743 3028 horrida
756 2969 837 3029 bella
851 2959 1015 3050 capessunt
1055 2977 1058 2981 '

176 3063 341 3138 Continuo,
354 3072 504 3144 tanquam
519 3073 551 3124 et
565 3064 691 3125 tubicen
707 3067 874 3126 surrexerit
888 3087 949 3126 una
959 3088 1014 3126 ε-

175 3160 259 3240 Ergo
273 3160 378 3240 ignem
392 3161 478 3241 cujus
494 3160 642 3222 scintillas
655 3161 722 3241 ipse
737 3161 850 3223 dedisti

115 3309 119 3318 ,
175 3257 377 3337 Flagrantem
390 3257 452 3317 late
467 3267 500 3318 et
513 3257 686 3337 rapientem
700 3267 813 3319 cuncta
826 3258 954 3320 videbis.

175 3353 244 3414 Nec
257 3353 315 3414 tibi
329 3363 475 3435 parcetur
488 3353 609 3428 misero,
624 3354 841 3435 trepidumque
855 3355 1038 3436 magistrum

175 3448 213 3508 ln
228 3468 322 3509 cavea
336 3469 450 3529 magno
464 3449 588 3509 fremitu
602 3450 651 3510 leo
666 3451 756 3512 tollet
772 3453 922 3514 alumnus.

175 3545 262 3604 Nota
275 3546 500 3606 mathematicis
513 3547 634 3624 genesis
648 3558 718 3607 tua:
740 3550 793 3608 sed
808 3569 902 3628 grave
916 3549 1022 3610 tardas
1050 3618 1051 3621 Ἴ
1080 3547 1087 3564 ’
