2598 4170
139 309 181 394 22
327 313 331 323 ’
444 341 828 392 n.uuunuuvnxxr.1s

26 517 28 524 ’
137 512 210 573 uon
226 509 469 584 aestivarum,
484 477 868 571 sciscitaturus..)

139 608 317 681 Percussus,
332 606 471 680 Bellona,
486 616 550 681 tuo,
566 605 687 667 divinat
701 615 733 666 et
747 605 890 686 “Ingens
999 626 1002 632 ·

108 729 110 734 ·
138 702 238 766 Omen
252 703 373 778 habes‚”
388 704 497 783 inquit,
513 711 529 741 “
539 704 644 784 magni
659 703 793 790 clarique
808 704 974 784 triumphi:
1100 720 1148 766 125

138 802 258 883 Regem
273 802 406 881 aliquem
421 800 531 879 capies,
547 809 601 860 aut
617 798 655 860 de
670 779 795 860 tctlrbnc
810 799 961 862 Britanno

140 898 273 959 Excidet
287 898 477 978 Arviragus:
498 896 660 977 peregrina
675 904 722 956 est
736 897 856 972 bellua3
877 899 975 958 cernis

139 995 267 1056 Erectus
281 996 314 1056 in
328 1005 418 1075 terga
432 995 524 1054 sudes
535 992 574 1052 ?”
616 992 686 1054 Hoc
701 993 799 1054 defuit
814 1015 909 1054 unum

13 1082 281 1154 lfffflabricio
295 1093 427 1173 patriam
441 1100 476 1152 ut
490 1091 612 1151 rhombi
626 1101 811 1152 memoraret
826 1100 858 1151 et
873 1111 978 1152 annos

142 1195 158 1226 “
168 1188 435 1270 Quidnamigitur
448 1188 579 1250 censes?
601 1188 774 1258 conciditur
784 1189 798 1248 1
808 1187 825 1217 ”
848 1189 968 1248 “Absit
982 1188 1088 1248 abillo

140 1285 283 1346 Dedecus
298 1285 383 1361 hoc‚”
403 1286 574 1346 Montanus
590 1285 652 1344 ait:
676 1291 784 1346 “testa
798 1286 861 1344 alta
874 1293 1008 1365 paretur,
1100 1300 1147 1345 131

141 1381 229 1453 Quae
245 1383 331 1444 tenui
345 1402 432 1443 muro
447 1383 618 1463 spatiosum
633 1382 759 1462 colligat
774 1382 888 1443 orbem.
1016 1382 1031 1396 ²

140 1479 281 1540 Debetur
294 1499 425 1559 magnus
439 1479 564 1560 patinae
579 1479 760 1558 subitusque
775 1479 988 1539 Prometheus.

141 1573 294 1653 Argillam
309 1583 401 1653 atque
415 1582 515 1634 rotam
531 1574 621 1634 citius
636 1582 816 1654 properate:
838 1573 890 1633 sed
907 1594 946 1633 ex
960 1574 1018 1633 hoc

22 1735 24 1741 ,
140 1669 293 1749 Tempore
305 1669 381 1750 jam,
396 1671 516 1744 Caesar,
532 1670 619 1750 figuli
634 1679 690 1730 tua
703 1678 804 1730 castra
818 1667 1010 1747 sequantur.”
1097 1684 1146 1730 135

14 1753 15 1756 ¹
53 1799 55 1802 ·
83 1803 84 1806 =
140 1765 227 1826 Vicit
242 1766 337 1845 digna
350 1767 416 1826 viro
431 1767 604 1827 sententia:
625 1775 756 1827 noverat
770 1767 821 1827 ille

16 1935 18 1941 y
140 1862 308 1923 Luxuriam
322 1862 441 1942 imperii
456 1873 594 1923 veterem
608 1873 777 1942 noctesque
792 1863 825 1922 N
860 1862 927 1924 ou's

49 2001 51 2007 ·
138 1961 161 2022 J
162 1981 211 2019 arn
226 1960 343 2020 medias
358 1960 510 2046 aliamque
524 1959 646 2034 famem,
662 1979 756 2039 quum
765 1882 1024 2039 {suffitum

119 2090 124 2093 -
143 2057 284 2119 Arderet.
326 2055 415 2116 Nulli
428 2057 527 2136 major
540 2057 600 2117 fuit
614 2076 687 2118 usus
703 2057 816 2117 edendi

140 2155 340 2232 Tempestate
352 2173 431 2212 mea.
473 2155 588 2215 Circeis
603 2164 677 2214 nata
691 2155 792 2214 forent
807 2173 846 2214 au

139 2250 307 2311 Lucrinum
323 2250 360 2310 ad
376 2271 484 2311 saxum
499 2250 701 2330 Rutupinove
717 2252 801 2310 edita
815 2251 912 2311 fundo

140 2348 252 2408 Ostrea
267 2347 398 2407 callebat
412 2347 512 2426 primo
527 2347 718 2425 deprendere
733 2367 845 2422 morsu,

139 2444 183 2504 Et
196 2444 290 2504 semel
305 2444 421 2523 aspecti
435 2444 523 2504 littus
538 2443 662 2504 dicebat
676 2444 786 2505 echini.

141 2541 291 2620 Surgitur,
307 2549 338 2600 et
352 2541 445 2601 misso
459 2559 600 2620 proceres
616 2541 699 2601 exire
714 2542 865 2622 jubentur

141 2637 286 2712 Consilio,
301 2657 377 2716 quos
391 2637 548 2697 Albanam
561 2638 626 2698 dux
642 2658 772 2718 magnus
786 2640 818 2699 in
833 2659 933 2702 arcem

140 2733 290 2794 Traxerat
304 2734 452 2794 attonitos
468 2742 500 2794 01
515 2734 660 2796 festinare
675 2746 807 2811 coactos,

140 2829 301 2909 Tanquam
315 2830 354 2889 de
370 2831 470 2890 Cattis
486 2831 776 2946 aliqpp'pltorvisque
792 2833 960 2914 Sigambris

138 2926 295 3000 Dicturus,
309 2936 456 3006 tanquam
473 2915 608 2990 diversrs‘
615 2899 755 3010 111111111ιο
769 2923 852 2991 orbis

138 3024 244 3083 Anxia
257 3024 417 3104 praecipiti
432 3027 569 3088 venisset
585 3017 714 3106 epistola
727 3047 838 3108 penna.

138 3121 245 3200 Atque
259 3121 378 3182 utinam
393 3123 441 3184 his
456 3123 559 3203 potius
574 3123 665 3203 nugis
680 3133 748 3184 tota
761 3124 815 3184 illa
830 3125 966 3186 dedisset

139 3217 292 3298 Tempora
307 3221 464 3292 saevitiae,
479 3220 576 3280 claras
592 3220 702 3299 quibus
717 3222 844 3282 abstulit
852 3201 939 3283 'Urbi
955 3297 959 3303 ἢ

139 3312 338 3395 Illustresque
354 3317 471 3376 animas
484 3315 527 3374 im
550 3335 611 3374 une
626 3325 658 3376 et
672 3317 794 3378 vindice
809 3319 903 3378 nullo.
983 3307 984 3312 ἵ

140 3409 201 3470 Sed
215 3411 308 3491 periit
322 3423 487 3493 postquam
500 3337 685 3474 diitssnibus
700 3433 765 3474 esse
780 3414 937 3476 timendus

140 3508 312 3589 Coeperat:
332 3509 391 3569 hoc
405 3508 512 3569 nocuit
526 3507 702 3568 Lamiarum
717 3511 810 3570 caede
824 3499 972 3574 madenti.
