2598 4170
532 369 668 417 SATIRA
689 371 714 417 Ι.

117 537 266 617 Sportula
280 537 353 617 quid
368 536 487 612 reserat,
502 545 654 619 quantum
666 536 837 596 rationibus
852 533 982 608 addatv
1039 581 1042 588 .

117 633 204 706 Quid
218 634 316 694 facien
345 634 482 708 comites,
498 635 550 712 qui
574 655 608 693 us
622 634 693 693 hinc
707 643 789 712 toga,
804 621 924 692 calceris
938 631 1010 697 hinc
1025 640 1072 692 est

115 730 160 792 Et
174 731 262 812 panis
277 731 308 790 fu
364 741 438 809 sque
453 635 954 886 domiiKDensissimacentum
1067 741 1122 788 '120

116 810 316 900 Quadrantes
329 827 439 888 lectica
452 827 541 908 petit,
556 847 570 888 s
590 815 753 906 quiturque
769 826 914 885 maritum

116 923 281 1004 Languida
294 925 343 984 vel
358 943 529 1004 praegnans
538 933 576 984 'et
591 910 830 986 circumducitur
845 943 929 983 uxor.

117 1020 180 1085 Hic
193 1020 273 1101 petit
288 1021 416 1094 absenti3
431 1031 507 1081 nota'
521 1020 588 1100 jam
602 1020 731 1080 callidus
746 1013 827 1092 arte,

116 1117 295 1202 Ostendens
308 1136 439 1177 vacuam
453 1127 486 1177 et
500 1117 634 1178 clausam
647 1137 703 1196 pro
718 1115 848 1194 conjuge
863 1116 977 1175 sellam.

116 1221 134 1250 “
144 1213 236 1272 Galla
248 1233 319 1272 mea
332 1212 405 1286 est,”
419 1213 539 1292 inquit3
561 1212 677 1273 “citius
692 1213 813 1272 dimitte
825 1231 833 1285 ;
855 1211 1008 1272 m01·aris.”
1077 1226 1123 1272 125

115 1318 132 1348 “
142 1309 260 1385 Profer,
274 1311 371 1384 Galla,
386 1310 506 1391 caput.”
548 1310 650 1370 “Noli
664 1329 785 1383 vexare,
801 1308 957 1388 quiescit.”
1060 1293 1089 1317 '⁴

115 1407 188 1487 Ipse
203 1408 269 1467 dies
283 1408 388 1486 pulcro
404 1407 604 1487 distinguitur
618 1406 725 1468 ordine
740 1391 863 1468 rerum:⁸

116 1505 272 1585 Sportula,
287 1504 399 1564 deinde
413 1503 522 1577 forum,
538 1503 677 1583 jurisque
690 1504 807 1584 peritus
821 1503 937 1583 Apollo

115 1601 222 1681 Atque
237 1601 447 1680 triumphales,
462 1600 543 1660 inter
557 1620 633 1680 quas
650 1619 742 1661 ausus
755 1601 868 1660 habere

115 1698 231 1757 Nescio
246 1697 314 1777 quis
329 1689 437 1770 titulos
451 1697 628 1775 Aegyptius
644 1707 736 1776 atque
750 1697 952 1772 Arabarches,
1076 1711 1122 1757 130

103 1794 213 1890 KCujus
228 1794 268 1853 ad
282 1769 415 1871 etii-giem
429 1799 497 1851 ncn'
507 1800 630 1853 tantum
644 1794 757 1868 meiere
771 1793 816 1852 fas
830 1801 886 1853 est.
898 1783 915 1876 b
938 1791 1012 1878 dms,

114 1889 287 1950 Vestibulis
302 1891 417 1951 abeunt
431 1899 552 1949 veteres
565 1889 698 1968 lassique
713 1889 840 1972 clientes

114 1988 262 2067 Votaque
277 1987 446 2067 deponunt,
461 2005 636 2066 quanquam
650 1985 828 2066 longissima
843 2006 957 2048 coenae

10 2087 13 2093 ’
116 2085 194 2166 Spes
208 2086 342 2146 homini:
357 2085 453 2147 caulis
467 2083 584 2146 miseris
599 2091 691 2165 atque
706 2085 788 2166 ignis
802 2059 1038 2162 emenda&

114 2184 166 2265 Op
184 2185 245 2246 'ma
258 2185 405 2246 silvarum
418 2185 538 2245 interea
551 2184 713 2264 pelagique
728 2183 850 2261 vorabit
865 2201 867 2206 ·
1073 2197 1120 2244 135

115 2281 187 2342 Rex
223 2303 320 2355 orum,
334 2283 500 2362 vacuisque
515 2281 591 2342 toris
606 2291 727 2341 tantum
742 2280 808 2361 ipse
824 2280 950 2362 jacebit.

115 2379 200 2439 Nam
214 2380 253 2439 de
267 2388 317 2440 tet
331 2379 445 2459 pulcris
460 2388 491 2438 et
505 2379 576 2439 latis
592 2379 716 2438 orbibus
731 2389 762 2439 et
776 2387 842 2438 tam

116 2476 264 2557 Antiquis
279 2463 339 2537 uba
354 2476 521 2537 comedunt
534 2475 720 2556 patrimonia
734 2495 848 2534 mensa.
902 2507 904 2514 ·

91 2565 99 2572 ’
116 2557 231 2633 Nullus
246 2572 313 2650 jam
327 2571 478 2652 parasitus
494 2572 571 2632 erit:
593 2573 647 2633 sed
662 2572 729 2652 quis
743 2571 821 2632 ferat
835 2572 910 2632 istas

116 2667 270 2728 Luxuriae
285 2669 412 2730 sordes?
453 2669 579 2740 Quanta
594 2679 641 2729 est
654 2670 727 2749 gula
741 2689 819 2748 quae
834 2668 891 2729 sibi
906 2676 990 2730 totos
1073 2686 1119 2732 140

116 2763 212 2824 Ponit
226 2784 324 2844 apros,
338 2765 452 2824 animal
467 2750 594 2844 prepter
609 2766 750 2825 convivia
763 2766 889 2826 natum!

116 2861 224 2921 Poena
237 2870 342 2922 tamen
356 2881 508 2940 praesens,
524 2882 618 2940 quum
634 2871 669 2920 tu
685 2862 814 2942 deponis
829 2863 960 2922 amictus

116 2957 271 3037 Turgidus
286 2968 318 3018 et
332 2959 461 3017 crudum
475 2978 629 3038 pavonem
644 2960 674 3017 in
688 2960 798 3019 balnea
811 2945 925 3039 pcrtds'.

116 3054 199 3114 Hinc
213 3053 331 3114 subitae
345 3065 461 3115 mortes
476 3065 567 3134 atque
582 3054 730 3115 intestata
744 3066 894 3116 senectus

115 3149 146 3210 It
161 3170 243 3232 ncva
256 3170 314 3209 nec
328 3149 424 3210 tristis
437 3171 493 3229 per
507 3161 632 3211 cunctas
646 3152 750 3211 fabula
764 3170 892 3212 coenas:
1072 3168 1118 3213 145

115 3246 249 3306 Ducitur
262 3246 349 3306 iratis
363 3247 571 3325 plaudendum
586 3248 677 3322 funus
693 3248 806 3308 amicis.

122 3399 125 3409 ,
155 3343 210 3403 Nil
225 3343 284 3402 erit
299 3342 426 3402 ulterius
440 3343 522 3423 quod
537 3343 650 3403 nostris
665 3345 800 3404 moribus
815 3345 910 3406 addat

116 3437 303 3532 Poste-ritum
324 3439 433 3498 eadem
446 3439 573 3518 cupient
586 3440 760 3520 facientque
775 3443 925 3516 minores3

116 3525 264 3598 Omne'in
277 3535 438 3634 praecipiti
451 3535 563 3595 vitium
576 3535 671 3596 stetit.
712 3537 813 3618 Utere
826 3521 912 3610 ielis,
