2598 4170
453 331 489 377 D.
513 331 616 379 JUNII
637 331 844 382 JUVENALIS

523 891 686 954 SATIRA
713 892 771 954 IV.

221 1084 303 1148 0οΕ
316 1085 430 1148 iterum
444 1086 610 1166 Crispinus,
624 1096 717 1148 otest
731 1086 806 1148 mihi
820 1107 911 1168 saepe
924 1090 1082 1160 vocandus

244 1183 298 1244 Ad
312 1193 423 1263 partes,
438 1193 610 1244 monstrum
624 1185 708 1244 nulla
722 1175 838 1245 virtute
853 1185 1050 1266 redemptum

145 1282 175 1340 A
191 1281 282 1355 vitiis,
299 1299 389 1360 aeger
403 1281 528 1360 solaque
542 1281 670 1341 libidine
684 1281 788 1343 fortis:

117 1365 279 1452 [Delicias
294 1377 408 1437 viduae
423 1387 545 1438 tantum
561 1389 742 1458 aspernatur
756 1361 910 1471 adulter.)

145 1475 230 1548 Quid
244 1475 446 1554 refertigitur
460 1475 583 1554 quantis
594 1475 739 1554 jumenta
752 1477 863 1557 fatiget

144 1572 328 1647 Porticibus,
343 1582 459 1652 quanta
473 1593 635 1633 nemorum
649 1583 792 1634 vectetur
805 1574 838 1633 in
853 1574 974 1666 umbra¹

143 1671 165 1732 J
167 1691 259 1751 ugera
273 1680 349 1751 quot
364 1671 465 1731 vicina
478 1670 553 1744 foro,
570 1691 645 1750 quas
660 1672 770 1731 emerit
785 1672 901 1732 aedes?

144 1768 246 1827 Nemo
261 1768 360 1828 malus
372 1767 455 1842 felix,
470 1767 597 1827 minime
612 1777 773 1847 corruptor
787 1777 819 1827 et
832 1768 916 1828 idem

144 1863 293 1939 Incestus,
309 1859 380 1924 cum
394 1883 454 1944 quo
469 1883 566 1943 nuper
580 1864 694 1924 vittata
708 1864 834 1942 jacebat

36 1979 40 1986 ·
119 1961 302 2040 ,Sanguine
317 1961 418 2020 adhuc
431 1960 504 2021 vivo
519 1969 634 2020 terram
647 1961 786 2021 subitura
800 1961 951 2022 sacerdos.
1121 1950 1177 2020 io¹

145 2057 208 2118 Sed
223 2078 305 2118 nunc
319 2057 358 2116 de
372 2057 460 2118 factis
474 2057 660 2118 levioribus:
682 2067 714 2118 et
729 2067 835 2126 tamen
850 2058 929 2118 alter

145 2154 180 2215 Si
193 2154 314 2214 fecisset
328 2154 411 2213 idem
426 2125 551 2215 cildbret
566 2155 623 2214 sub
635 2155 741 2232 judice
755 2175 886 2215 morum.

78 2319 79 2323 η
144 2250 228 2312 Nam
242 2251 326 2332 quod
340 2261 431 2331 turpe
444 2252 534 2312 bonis
549 2251 633 2311 Titio
650 2251 782 2330 Seioque
798 2252 929 2312 decebat
1010 2325 1017 2340 .

40 2381 42 2385 ·
145 2349 330 2429 Crispinum.
373 2347 457 2420 Quid
472 2366 544 2428 agas
559 2368 655 2427 quum
669 2348 736 2408 dira
749 2358 783 2408 et
797 2349 916 2407 foedior
930 2367 1016 2412 omni

145 2445 280 2507 Crimine
294 2465 425 2525 persona
439 2447 510 2505 est?
551 2445 684 2505 Mullum
699 2455 754 2504 se‘x
767 2445 902 2504 millibus
917 2444 1006 2520 emit,
1119 2459 1150 2506 15
1222 2433 1225 2440 Δ

143 2541 341 2621 Aequantem
355 2562 427 2602 sane
441 2541 566 2622 paribus
580 2541 722 2601 sestertia
735 2541 829 2615 libris,
846 2537 945 2625 W
987 2532 989 2535 ⁸

144 2638 193 2700 Ut
206 2639 370 2718 perbibent
386 2639 438 2719 qui
452 2639 491 2698 de
505 2639 627 2718 magnis
641 2639 758 2718 majora
771 2639 949 2718 loquuntur.

146 2734 315 2795 Consilium
330 2735 423 2794 laudo
439 2735 572 2809 artificis,
588 2736 614 2795 si
627 2754 755 2795 munere
770 2743 859 2795 tanto

145 2831 349 2913 Praecipuum
363 2832 395 2892 in
410 2832 523 2892 tabulis
538 2853 640 2892 ceram
656 2832 736 2892 senis
751 2831 879 2893 abstulit
893 2831 968 2893 orbi.

145 2927 203 2990 Est
217 2931 296 2992 ratio
311 2931 437 2990 ulterior
451 2950 581 3010 magnae
595 2929 620 2990 si
634 2930 718 2990 misit
733 2930 858 3004 amicae,
1121 2945 1152 2991 20

146 3025 234 3098 Quae
249 3027 373 3088 vehitur
387 3029 490 3089 clauso
504 3027 576 3088 latis
590 3028 797 3107 specularibus
813 3036 912 3088 antro.

146 3123 201 3184 Nil
215 3125 277 3184 tale
292 3134 468 3204 exspectes:
490 3125 565 3186 emit
579 3125 645 3185 sibi.
686 3125 789 3184 Multa
803 3125 946 3280 vijflemmus

148 3221 236 3294 Quae
251 3223 342 3283 miser
357 3231 388 3282 et
401 3223 482 3303 frugi
496 3243 558 3282 non
573 3221 645 3282 fecit
659 3222 798 3301 Apicius.
874 3235 915 3282 cc'
924 3230 960 3283 tu

149 3318 331 3380 Succinctus
345 3319 445 3399 patria
459 3319 624 3399 quondam,
640 3319 789 3398 Crispine‚
804 3337 932 3398 papyro.

148 3415 218 3476 Hoc
232 3416 366 3495 pretium
381 3415 544 3495 squamae!
584 3414 695 3476 Potuit
709 3415 838 3475 fortasse
853 3415 981 3476 minoris
1121 3429 1151 3474 25

148 3513 289 3574 Piscator
303 3532 394 3592 quam
409 3512 500 3593 piscis
515 3510 583 3572 erni.
624 3510 790 3572 Provincia
804 3511 892 3586 tanti¹
