2598 4170
519 377 656 427 SATIRA
677 379 731 427 ΙΙΙ.

129 537 131 542 ’
161 544 251 616 Quae
265 565 348 604 nunc
362 543 509 605 divitibus
524 565 600 623 gens
615 545 828 625 acceptissima
841 546 954 606 nestris

119 639 163 701 Et
177 661 255 720 quos
269 640 432 720 praecipue
445 641 560 720 fugiam
576 641 746 719 properabo
761 641 859 715 fateri,

119 738 189 798 Neo
203 738 304 817 pudor
317 738 461 798 obstabit.
501 736 576 796 Non
590 757 715 816 possum
728 737 815 811 ferre,
831 737 977 814 Quirites,
1095 756 1126 802 60

121 834 272 894 Graecam
285 833 411 892 urbem:
433 833 572 912 quamvis
587 843 683 912 quota
696 835 799 913 portio
813 835 906 896 faecis
920 836 1063 897 Achaei?
1086 818 1167 923 dea-7

120 931 192 992 Jam
206 930 326 1010 pridem
342 929 437 1008 Syrus
451 930 483 989 in
499 929 637 989 Tiberim
652 931 781 993 defluxit
797 932 932 994 Orontes
947 931 1072 1022 (im
1083 958 1175 1020 341-

121 1026 163 1087 Et
177 1027 316 1106 linguam
330 1036 363 1086 et
375 1044 476 1086 mores
492 1035 524 1085 et
540 1046 611 1086 oum
625 1027 751 1088 tibicine
767 1030 896 1107 chordas

121 1123 279 1202 Obliquas,
294 1143 351 1182 neo
365 1143 428 1183 non
441 1122 572 1203 gentilia
585 1095 735 1206 tildlfffsna
749 1147 852 1186 secum

119 1209 267 1376 Vasti?
281 1220 320 1278 ad
336 1219 459 1280 Circum
474 1220 576 1298 jussas
590 1233 727 1302 prostare
741 1224 867 1302 puellas.
1095 1239 1126 1284 65

119 1317 170 1378 Ite
186 1337 238 1396 qur
261 1337 295 1376 us
309 1326 398 1395 grata
412 1325 459 1378 est
473 1318 558 1397 picta
571 1320 643 1400 lupa
656 1320 784 1381 barbara
799 1295 925 1418 mitray

119 1414 269 1474 Rusticus
283 1413 335 1474 ille
349 1422 422 1475 tuus
436 1417 531 1477 sumit
544 1418 753 1498 trechedipna,
769 1416 906 1492 Quirine,

119 1511 164 1570 Et
178 1511 364 1572 ceromatico
377 1513 438 1573 fert
452 1513 600 1574 niceteria
613 1516 701 1575 collo.

120 1609 183 1669 Hic
197 1609 260 1668 alta
276 1608 417 1689 Sicyone,
432 1620 479 1684 ast
493 1611 543 1670 hio
556 1611 587 1669 A
644 1612 724 1671 done
738 1612 854 1686 relicta,

119 1705 183 1767 Hic
196 1707 316 1780 Andro,
331 1706 382 1766 ille
397 1707 499 1781 Sam0,
513 1708 563 1768 hio
578 1633 730 1768 llltlibus
745 1718 799 1769 aut
813 1709 994 1784 Alabandis,
1096 1724 1126 1771 70

119 1804 163 1865 Es
207 1805 274 1865 ilias
289 1805 468 1884 dictumque
482 1813 594 1884 petunt
609 1823 627 1890 a
640 1805 754 1864 vimine
770 1806 889 1880 collem,

119 1903 164 1965 Vi
232 1915 446 1986 amagnarum
461 1902 608 1961 domuum
623 1901 799 1980 dominique
814 1902 918 1963 futuri.

119 1999 285 2081 Ingenium
299 2001 399 2072 velox,
415 1998 542 2078 audacia
555 1998 684 2078 perdita,
699 2017 799 2059 sermo

119 2099 288 2179 Promptus
302 2107 335 2157 et
349 2096 438 2156 Isaeo
452 2096 625 2155 torrentior.
666 2093 735 2154 Ede
749 2094 824 2174 quid
839 2095 927 2155 illum

119 2194 197 2255 Esse
211 2179 332 2276 putesl
346 2212 439 2273 quem
453 2191 500 2252 vis
514 2191 670 2251 hominem
685 2209 788 2250 secum
802 2192 909 2251 attulit
924 2192 962 2251 ad
974 2195 1049 2252 nos:
1093 2205 1126 2252 rt

121 2291 355 2366 Grammaticus,
370 2291 483 2362 rhetor,
497 2295 679 2368 geometres,
695 2287 804 2367 pictor,
818 2287 938 2366 aliptes,

120 2388 239 2470 Augur,
254 2388 484 2462 schoenobates,
498 2386 643 2455 medicus,
658 2403 785 2464 magus:
806 2384 910 2444 omnia
923 2383 1020 2444 novit.

119 2486 289 2548 Graeculus
303 2486 437 2546 esuriens
452 2485 484 2544 in
499 2484 618 2544 eaelum
633 2482 760 2562 jusseris
774 2481 841 2540 ibit.

118 2584 175 2644 Ad
188 2604 347 2656 summam,
362 2603 425 2642 non
439 2582 567 2642 Maurus
582 2589 646 2639 erat
661 2598 760 2658 neque
776 2577 917 2638 Sarmata
930 2596 987 2638 nec
1001 2577 1107 2637 Thrax

120 2679 183 2752 Qui
198 2679 327 2758 sumpsit
340 2699 466 2759 pennas,
480 2677 589 2737 mediis
605 2676 659 2736 sed
673 2685 764 2734 uatus
777 2667 1016 2770 Athenisdlmp.
1094 2689 1125 2736 8⁰

119 2776 242 2837 Horum
256 2796 314 2854 ego
329 2795 391 2836 non
405 2775 523 2854 fugiam
538 2772 724 2852 conchylia?
743 2792 793 2832 me
808 2771 890 2852 prior
904 2772 956 2832 ille

121 2873 288 2953 Signabit?
309 2873 465 2950 fultusque
480 2878 550 2930 toro
565 2870 690 2930 meliore
705 2868 863 2929 recumbet
945 2878 1033 3003 {Amyn

119 2971 282 3030 Adventus
297 2969 429 3028 Romam
444 2987 505 3045 quo
519 2985 617 3044 pruna
632 2975 664 3026 et
678 2974 804 3026 cottona
817 2973 911 3027 vento
921 2966 942 3026 l
1128 3040 1131 3046 Ι

6 3057 10 3066 “
118 3067 229 3146 Usque
244 3066 322 3126 adeo
336 3065 412 3125 nihil
428 3074 484 3137 est,
499 3063 582 3143 quod
596 3072 702 3123 nostra
715 3063 845 3122 infantia
859 3063 1040 3175 caelumrffi

119 3162 234 3224 nausa
247 3160 408 3235 Aventini,
421 3160 516 3220 saca
530 3159 647 3218 nutura
662 3159 799 3219 Sabinas
963 3135 975 3182 ,
1047 3144 1051 3150 ’
1095 3173 1126 3219 a

120 3258 213 3333 Quid,
229 3259 312 3339 quod
327 3256 473 3317 adulandi
486 3275 563 3336 gens
576 3255 817 3335 prudentissima
830 3255 939 3315 laudat
974 3242 982 3272 ‘

120 3356 301 3416 Sermonem
315 3353 441 3427 indocti,
456 3353 565 3413 faeiem
580 3351 726 3412 deformis
741 3351 840 3424 amici,
932 3433 936 3438 .

119 3452 162 3513 Et
176 3454 305 3532 longum
319 3450 447 3511 invalidi
462 3451 575 3510 collum
589 3448 758 3508 cervicibus
774 3458 885 3528 aequat
906 3441 990 3523 stru(-

119 3548 273 3621 Herculis,
286 3547 445 3606 Antaeum
459 3546 565 3626 procul
580 3565 598 3604 a
611 3544 722 3604 tellure
736 3545 881 3618 tenentis,
