2598 4170
146 273 188 338 60
451 289 487 335 n.
503 288 605 336 suun
627 285 833 336 Juvsnnrns

145 453 278 529 Persice,
291 475 354 516 non
368 475 405 534 pr
425 473 457 514 es
473 473 523 514 em
536 454 602 514 vita
615 453 666 513 rel
680 453 816 514 moribus
832 463 864 514 et
877 473 921 528 re,

146 549 208 610 Sed
222 551 347 612 laudem
361 550 385 611 si
411 520 638 630 quasgoccultus
652 569 761 630 ganeo,
774 521 935 629 puntiau(

146 647 258 708 (loram
272 647 339 707 aliis
353 647 469 708 dictem
482 667 578 726 puero
593 646 647 708 sed
662 647 693 706 in
709 666 781 707 aure
795 646 963 726 placentas.

144 742 229 803 Nam
243 764 337 824 quum
352 743 392 804 sis
407 743 538 804 conviva
551 743 627 802 mihi
640 743 808 822 promissus
821 743 948 804 habebis
1125 759 1160 804 co

145 839 335 915 Evandrum,
350 840 456 901 venies
471 839 653 921 Tirynthius
668 850 722 900 aut
736 839 836 900 minor
849 841 903 900 illo

145 936 268 1018 Hospes
282 947 314 998 et
328 939 393 1019 ipse
407 949 511 999 tamen
527 937 710 1016 contingens
726 938 875 1018 sanguine
890 937 1017 1012 caelum,

145 1033 236 1095 Alter
250 1035 345 1114 aquis,
360 1037 438 1096 alter
451 1034 581 1094 flammis
597 1034 636 1093 ad
651 1032 884 1144 eldepagpissns.
988 1090 1002 1099 ,,
1041 1071 1218 1159 w

145 1131 276 1192 Fercula
290 1153 372 1193 nunc
385 1132 458 1192 audi
473 1132 564 1191 nullis
580 1140 688 1191 ornata
703 1112 914 1192 mitellam*
928 1115 951 1202 ‘l
1012 1122 1020 1143 ‘

144 1228 194 1288 De
209 1227 375 1289 Tiburtino
389 1228 495 1289 veniet
509 1228 728 1308 pinguissimus
742 1248 816 1308 agro
1123 1243 1158 1291 65

146 1325 308 1385 Haedulus
322 1336 354 1386 et
368 1333 436 1385 toto
450 1345 544 1404 grege
559 1326 688 1401 mollior,
702 1326 816 1386 inscius
829 1325 951 1400 herbae,

145 1421 290 1481 Necdum
306 1440 396 1482 ausus
411 1421 514 1500 virgas
529 1422 653 1482 humilis
668 1423 808 1483 mordere
823 1422 932 1497 salicti,

147 1517 210 1590 Qui
223 1519 292 1598 plus
307 1519 396 1579 lactis
411 1519 505 1579 habet
520 1540 613 1600 quam
627 1521 784 1600 sanguinis
794 1540 802 1595 ;
813 1506 856 1580 let
869 1497 1010 1580 montani

146 1615 309 1695 Asparagi,
324 1616 426 1696 posito
442 1636 519 1696 quos
533 1618 609 1697 legit
624 1617 726 1677 villica
740 1605 985 1683 fusoffscczaar

146 1712 283 1772 Grandia
296 1722 458 1792 praeterea
472 1722 618 1794 tortoque
633 1714 766 1774 calentia
779 1713 871 1774 foeno

147 1809 217 1869 Ova
232 1809 345 1870 adsunt
359 1809 433 1889 ipsis
448 1829 518 1870 cum
532 1812 683 1872 matribus
698 1821 729 1871 et
744 1819 884 1871 servatae

107 1868 329 1966 l'l‘aile‘anni
345 1907 451 1986 quales
465 1907 587 1969 fuerant
601 1908 630 1968 in
647 1907 763 1967 vitibus
779 1927 875 1968 uvae:

148 2003 311 2083 Signinum
328 2003 514 2085 Syriumque
528 2005 638 2085 pirum,
655 2005 694 2065 de
709 2004 852 2066 corbibus
865 2004 965 2066 isdem

147 2101 281 2162 Aemula
295 2101 418 2162 Picenis
433 2111 464 2162 et
479 2103 583 2163 odoris
597 2103 678 2162 mala
691 2101 832 2176 recentis,
991 2183 993 2188 .

89 2213 115 2266 lc
146 2199 179 2259 N
181 2220 215 2261 ec
230 2201 397 2262 metuenda
411 2200 477 2274 tibi,
492 2199 640 2260 siccatum
654 2201 767 2280 frigore
781 2209 946 2279 postquam
1010 2201 1014 2208 '

95 2293 343 2420 Qutumnum
358 2308 390 2359 et
405 2297 493 2360 crudi
506 2316 636 2377 posuere
651 2297 786 2376 pericula
801 2297 891 2357 succi.

187 2395 275 2457 Haec
289 2396 363 2456 olim
377 2395 474 2457 nostri
483 2394 551 2475 jam
566 2394 722 2455 luxuriosa
738 2393 871 2453 Senatus
922 2381 1008 2464 »bita

149 2491 254 2552 Coena
266 2491 333 2552 fuit.
375 2493 486 2554 Curius
500 2511 596 2571 parvo
611 2509 688 2569 quae
703 2491 821 2569 legerat
834 2490 924 2549 horto

147 2586 218 2667 Ipse
233 2589 307 2650 focis
320 2590 466 2650 brevibus
481 2589 618 2669 ponebat
633 2586 779 2660 oluscula
795 2607 815 2666 q
838 2605 969 2646 ·enuno

149 2684 314 2764 Squalidus
328 2685 359 2744 in
373 2705 486 2765 magna
499 2685 619 2746 fastidit
635 2683 783 2764 compede
798 2607 905 2756 iddddi,
964 2698 966 2706 ’

127 2763 211 2873 (Qui
225 2781 365 2842 meminit
380 2782 497 2842 calidae
512 2781 611 2862 sapiat
626 2781 701 2862 quid
716 2780 809 2841 vulva
822 2761 981 2888 popinae)

149 2877 230 2938 Sicci
244 2888 332 2958 terga
345 2879 416 2952 suis,
430 2898 498 2938 rara
516 2878 685 2958 pendentia
700 2885 793 2951 crate,
955 2888 957 2893 '

148 2973 245 3035 Moris
260 2982 326 3034 erat
341 2975 499 3054 quondam
513 2975 598 3035 festis
613 2995 734 3036 servare
750 2973 859 3034 diebus

148 3071 191 3132 Et
205 3070 383 3132 natalicium
398 3071 538 3151 cognatis
553 3091 667 3152 ponere
682 3072 813 3145 lardum,

148 3168 328 3228 Accedente
342 3187 432 3243 nova,
447 3168 473 3228 si
488 3187 581 3249 quam
595 3168 689 3230 dabat
704 3168 813 3243 hostia,
828 3187 929 3229 carne.

150 3265 362 3344 Cognatorum
376 3264 485 3344 aliquis
498 3265 591 3326 titulo
605 3274 654 3326 ter
669 3265 810 3327 Consulis
825 3273 918 3344 atque

151 3361 329 3422 Castrorum
343 3360 478 3441 imperiis
493 3371 524 3422 et
537 3361 707 3424 Dictatoris
721 3363 837 3423 honore

149 3457 290 3518 Functus
305 3458 345 3518 ad
359 3459 414 3518 has
429 3459 535 3540 epulas
548 3459 641 3521 solito
654 3459 804 3520 maturius
818 3458 893 3534 ibat,

84 3526 301 3650 ,aaa
