2604 4160
515 400 651 451 sauma
673 401 737 451 xv.
993 359 998 369 ¹
1082 383 1123 448 91

111 571 168 631 De
185 570 358 650 Corcyraea
372 578 523 630 temetum
537 569 671 629 duxerat
684 587 780 642 nma3
1092 581 1123 628 aa

113 669 213 730 Solus
227 667 308 728 enim
322 668 383 728 hoc
397 666 523 727 Ithacus
537 665 623 731 nullo
638 665 695 724 snb
708 673 790 724 teste
805 662 944 725 canebat.

111 764 187 825 Nos
201 763 343 824 miranda
357 762 482 843 quidem
497 761 552 822 sed
566 779 665 839 nuper
680 760 812 821 Consule
826 759 848 820 J
850 760 923 820 unio

111 862 216 922 Gesta
230 879 321 940 super
335 859 452 920 calidae
467 858 633 918 referemus
648 857 771 916 moenia
786 857 887 935 Copti,

113 959 187 1018 Nos
202 956 290 1036 vulgi
304 956 403 1016 scelus
418 965 450 1015 et
465 953 584 1014 cunctis
597 951 741 1032 graviora
758 953 924 1014 cothurnis.

114 1055 202 1114 Nam
217 1054 324 1124 scelus,
339 1071 358 1112 a
372 1051 493 1130 Pyrrha
505 1054 681 1129 quanquam
696 1049 799 1108 omnia
812 1058 948 1128 syrmata
962 1051 1078 1128 volvas,
1094 1041 1137 1114 ao¹

114 1151 233 1210 Nullus
247 1150 328 1230 apud
344 1149 479 1228 tragicos
494 1147 627 1226 populus
640 1144 723 1208 facit.
766 1144 884 1224 Accipe
899 1157 1004 1209 nostro

114 1247 195 1306 Dira
210 1248 292 1327 quod
308 1246 483 1324 exemplum
497 1243 604 1304 feritas
617 1242 801 1322 produxerit
815 1261 902 1303 aevo.

158 1343 246 1402 Inter
259 1343 406 1403 finitimos
421 1352 511 1403 vetus
527 1349 621 1420 atque
637 1339 763 1418 antiqua
778 1338 926 1412 simultas,

116 1439 298 1499 Immortale
312 1441 418 1499 odium
433 1447 465 1499 et
481 1457 640 1518 nunquam
656 1436 792 1498 sanabile
806 1437 919 1497 vulnus

116 1536 221 1596 Ardet
236 1536 344 1610 adhuc,
359 1536 477 1596 Ombos
491 1545 524 1596 et
539 1535 689 1615 Tentyra.
735 1533 880 1596 Summus
895 1535 1037 1616 utrinque
1092 1549 1123 1596 35
1151 1573 1155 1582 ·

116 1631 198 1691 Inde
212 1632 295 1692 fiiror
309 1633 403 1711 vulgo
418 1633 501 1712 quod
517 1633 646 1692 numina
662 1630 833 1692 vicinorum

117 1727 197 1788 Odit
212 1736 340 1808 uterque
353 1715 447 1802 locus,
463 1749 559 1808 quum
574 1730 656 1790 solos
673 1729 780 1789 credat
793 1728 952 1790 habendos

22 1881 24 1884 .
116 1824 196 1884 Esse
211 1825 285 1885 deos
299 1845 375 1904 quos
389 1824 453 1904 ipse
468 1827 552 1886 colit.
597 1826 660 1886 Sed
675 1835 815 1906 tempore
828 1826 908 1889 festo

116 1921 259 1982 Alterius
272 1921 378 2002 populi
392 1921 540 2001 rapienda
556 1922 676 1983 occasio
692 1925 811 1985 cunctis

117 2019 199 2080 Visa
211 2018 403 2079 inimieorum
416 2019 601 2098 primoribus
617 2039 653 2080 ac
668 2021 807 2096 ducibus,
821 2043 861 2084 ne
1092 2040 1122 2086 40

116 2114 253 2182 Laetum
265 2116 452 2196 hilaremque
466 2117 558 2190 diem,
573 2137 613 2176 ne
628 2137 759 2198 magnae
773 2121 889 2200 gandia
901 2142 1014 2185 coenae
1119 2185 1124 2194 ,

118 2211 288 2287 sentirent,
302 2214 411 2292 positis
424 2213 465 2272 ad
478 2215 596 2294 templa
610 2223 643 2275 et
658 2217 793 2296 compita
809 2221 922 2290 mensis
978 2243 981 2248 ·

59 2322 64 2328 ·
119 2308 328 2388 Pervigilique
343 2318 420 2382 toro,
435 2329 525 2389 quem
541 2322 633 2372 nocte
650 2331 685 2373 ao
700 2316 768 2375 luce
777 2317 936 2396 jacentem

119 2401 277 2483 Septimus
290 2405 445 2466 interdum
459 2407 505 2466 sol
519 2407 648 2469 invenit.
690 2411 825 2474 Horrida
839 2435 913 2476 sane

118 2501 301 2580 Aegyptus;
321 2503 374 2562 sed
389 2504 519 2578 luxuria,
538 2509 687 2584 quantum
704 2510 768 2590 ipse
783 2513 899 2588 notavi,
1089 2529 1121 2576 45

118 2596 256 2656 Barbara
268 2598 384 2659 famoso
399 2619 461 2659 non
477 2601 561 2662 cedit
576 2604 667 2665 turba
683 2606 819 2688 Canopo.

116 2693 212 2753 Adde
227 2695 309 2773 quod
323 2704 356 2754 et
368 2696 466 2757 facilis
481 2698 612 2761 victoria
622 2702 661 2762 de
677 2705 810 2767 madidis
825 2716 858 2768 et

117 2789 237 2850 Blaesis
250 2800 342 2870 atque
356 2813 441 2853 mero
457 2795 674 2860 titubantibus.
715 2800 794 2863 Inde
808 2804 946 2867 virorum

118 2885 258 2946 Saltatus
271 2888 361 2968 nigro
376 2890 511 2965 tibicine,
527 2895 750 2977 qualiacunque

117 2980 291 3062 Unguenta
306 2986 442 3048 etflores
456 2989 633 3071 multaeque
649 2992 680 3052 in
695 2995 795 3057 fronte
809 3017 958 3074 coronae3
1024 3033 1031 3042 -
1090 3015 1121 3062 150

116 3077 201 3140 Hinc
209 3081 354 3159 jejunum
369 3084 484 3145 odium.
498 3116 501 3120 ·
528 3087 591 3147 Sed
601 3089 705 3170 jurgia
717 3095 817 3171 prima
831 3115 940 3156 sonare

116 3176 276 3256 Incipiunt
291 3180 400 3242 animis
416 3183 612 3260 ardentibus;
632 3188 710 3248 haec
723 3190 799 3250 tuba
812 3192 906 3253 rixae.

116 3271 199 3332 Dein
215 3274 347 3336 clamore
360 3277 427 3356 pari
442 3281 641 3356 concurritur,
657 3293 689 3343 et
703 3285 770 3346 vice
784 3288 839 3347 teli

117 3368 225 3429 Saevit
239 3372 324 3431 nuda
336 3392 462 3434 manus:
484 3395 599 3455 paucae
614 3377 679 3439 sine
693 3382 818 3442 vulnere
833 3386 951 3460 malae3

116 3463 180 3523 Vix
194 3465 338 3545 cuiquam
353 3478 408 3529 aut
421 3472 499 3531 nulli
512 3481 581 3534 toto
595 3460 761 3536 certamine
774 3499 867 3540 nasus
1088 3500 1118 3545 55

116 3563 252 3641 Integer.
294 3562 459 3644 Aspiceres
469 3567 535 3645 jam
552 3583 662 3630 cuncta
676 3592 731 3651 per
745 3575 868 3652 agmina
882 3578 989 3638 vultus
