2598 4170
517 381 653 431 samus
675 383 756 431 VIII.

53 497 61 510 ·
894 467 943 524 'c

113 549 182 611 =Sic
194 549 359 610 laudamus
373 567 487 630 equum
495 486 907 706 fflchapalma

9 646 15 657 '
125 647 246 708 Fervet
262 654 294 707 et
308 648 443 708 exsultat
457 667 550 708 rauco
565 647 696 707 victoria
738 645 810 706 irco.

128 743 254 805 Nobilis
267 745 328 818 hic,
343 763 526 824 quocunqne
541 743 629 803 venit
643 743 683 801 de
698 741 844 821 gramine,
859 743 946 824 cujus
1107 755 1137 801 60

130 841 223 902 Clara
236 841 310 919 fuga
325 849 398 900 ante
412 840 488 900 alios
503 849 535 900 et
549 839 667 919 primns
681 810 736 898 inl
787 807 995 921 «ldepulvm
1038 868 1041 874 ·

131 901 321 996 seddedde
334 955 430 1015 pecus
445 928 780 1023 Coryphaeipos'teritas
794 919 826 998 et
980 929 982 936 ’

130 1032 258 1112 Hirpini
272 1032 297 1092 si
310 1049 379 1092 rara
388 1032 468 1112 jugo
482 1031 625 1093 Victoria
639 1031 729 1093 sedit.

130 1129 190 1189 Nil
202 1127 246 1189 ibi
252 1118 411 1219 ‘majorum
425 1137 592 1207 respectus,
606 1113 713 1207 gratia
721 1130 807 1190 nulla

65 1235 70 1242 '
131 1226 343 1288 Umbrarum:
365 1225 506 1286 dominos
521 1225 629 1305 pretiis
643 1236 763 1290 mutare
772 1227 925 1308 jubentur
1109 1239 1140 1286 65

69 1326 101 1354 ’·
131 1322 362 1404 Exiguistrito
376 1322 496 1383 ducunt
510 1323 753 1402 epirediaoollo.
926 1331 937 1356 l
991 1315 994 1323 ¹

133 1395 490 1501 Selglilpedss‘difflrique
505 1389 734 1482 moliamiili‘=
770 1421 911 1502 Nepotis,

131 1519 219 1599 Ergo
234 1529 269 1580 ut
284 1517 391 1578 mirem
443 1527 553 1577 tenen
568 1496 746 1598 tua‘prillu
775 1519 908 1599 'aliquid
922 1519 963 1579 da

133 1615 229 1689 Quod
242 1615 359 1695 possim
373 1623 388 1674 t
415 1634 457 1676 ιιι
471 1614 632 1706 incidere,
647 1624 769 1694 praeter
782 1617 915 1676 honores
1089 1673 1092 1680 .

134 1714 222 1787 Quos
236 1712 297 1774 illis
311 1711 421 1772 damus
435 1721 468 1772 et
482 1712 625 1772 dedimus
640 1713 750 1792 quibus
764 1713 867 1772 omnia
888 1713 990 1772 debes.
1030 1726 1196 1790 ‹m-

176 1810 264 1870 Haec
279 1809 353 1870 satis
368 1809 409 1868 a'd
418 1809 567 1888 juvenem
582 1829 674 1889 quem
689 1809 777 1869 nobis
790 1810 872 1869 sama
886 1809 1053 1888 superbum

135 1907 248 1986 Tradit
261 1915 295 1967 et
309 1900 453 1966 inflatum
466 1906 653 1985 plenumque
668 1905 793 1970 Nerone
808 1906 999 1986 propinquo:

30 2033 33 2038 ·
135 2005 238 2066 Rarus
252 2002 336 2065 enim
349 2003 445 2062 ferme
460 2003 752 2086 sensu-sffcommunis
766 2003 797 2060 iu
811 2003 865 2062 illa
873 1992 973 2085 Aac

126 2103 287 2163 Fortuna.
329 2099 392 2160 Sed
407 2109 439 2161 te
454 2099 571 2188 censeri
585 2100 677 2159 laude
690 2107 824 2175 tuorum,
881 2103 899 2160 r'
908 2123 921 2153 .-

135 2199 278 2273 Pontice‚
293 2197 446 2259 noluerim
460 2196 505 2258 sic
519 2196 645 2271 utnihil
659 2197 724 2275 ipse
738 2197 859 2258 futurae
1112 2213 1143 2258 75

136 2295 254 2357 Laudis
269 2283 367 2376 agas(
393 2293 543 2354 Miserum
559 2293 751 2366 estaliorum
763 2294 940 2358 incumbere
954 2295 1063 2370 famae,

136 2394 188 2454 Ne
203 2393 340 2473 collapsa
354 2399 448 2452 ruant
463 2373 622 2452 subductis
637 2399 720 2450 tecta
734 2391 894 2452 columnis.

139 2490 263 2550 Stratus
277 2488 364 2548 humi
378 2488 496 2568 palmes
511 2487 621 2565 viduas
637 2486 792 2573 desiderat
808 2486 915 2548 ulmos.

138 2587 217 2648 Esto
231 2570 332 2648 boirus
346 2586 443 2658 miles,
458 2592 545 2644 tutor
559 2585 667 2657 bonus,
682 2579 796 2643 miniter
810 2583 892 2643 idem

138 2683 280 2764 integer3
302 2682 462 2763 ambiguae
478 2682 504 2742 si
514 2665 643 2762 'quaudo
660 2665 793 2740 oiiabere
808 2679 898 2740 testis
1114 2695 1145 2744 80

138 2781 343 2860 Incertaeque
357 2780 410 2853 rei,
425 2777 566 2838 Phalaris
581 2777 655 2837 lieet
668 2776 800 2856 imperet
814 2787 849 2837 ut
865 2777 906 2838 sis

139 2879 251 2939 Falsus
267 2887 300 2938 et
314 2877 441 2938 admoto
456 2875 555 2936 dictet
568 2873 702 2954 perjuria
716 2835 817 2947 edim·

140 2978 304 3037 Summum
319 2973 409 3034 erede
423 2973 508 3034 nefas
523 2972 655 3052 animam
670 2971 774 3051 praese
806 2989 823 3030 e
836 2968 948 3049 pudori

115 3041 183 3164 (Ec
197 3069 436 3152 propter-vitam
451 3069 580 3129 vivendi
594 3069 723 3148 perdere
833 3077 856 3127 a.
885 3043 909 3223 ἒ

141 3169 266 3248 Dignus
281 3176 381 3227 morte
395 3165 484 3246 perit,
499 3149 609 3226 coenet
623 3147 813 3226 licet'ostffia
828 3182 883 3223 cen
901 3183 954 3224 um
1116 3179 1147 3223 85

141 3242 288 3327 Gaurdra
302 3272 334 3323 et
349 3261 454 3324 Cosmi
467 3270 535 3322 toto
549 3271 709 3346 mergatur
722 3281 808 3336 aeno.

183 3342 374 3440 Exspectata
388 3359 441 3419 diu
455 3358 582 3420 tandem
595 3358 754 3438 provincia
768 3377 863 3438 quum
876 3365 909 3418 te

143 3457 313 3518 Rectorem
327 3455 466 3534 accipiet,
481 3447 562 3534 polle
576 3444 758 3515 iraelfraena
771 3454 969 3534 modumque,

143 3535 242 3617 Pone
248 3561 282 3614 et
296 3532 452 3628 atlantide,
466 3539 612 3612 miseiere
626 3545 755 3632 inopum
769 3551 943 3624 sociorum3
