2604 4160
176 361 218 426 94
492 374 528 421 n.
545 374 648 422 anun
670 372 880 421 anvnuams

174 544 272 604 Arma
286 549 454 622 coegerunt
468 550 533 600 tam
548 538 731 600 detestabile
745 548 918 598 monstrum

174 638 322 700 Audere?
362 636 456 696 Anne
474 636 566 695 aliam
582 646 664 696 terra
677 634 884 714 Memphitide
900 634 981 696 sicca

174 735 329 796 Invidiam
343 731 480 792 facerent
495 730 614 792 nolenti
629 749 754 810 surgere
768 730 866 790 Nilo?

175 833 246 904 Qua
259 851 317 910 nec
330 828 483 891 terribiles
498 827 625 901 Cimbri,
639 846 697 886 nec
710 826 855 886 Britones
869 845 1016 906 unquam,

176 930 436 1006 Sauromataeque
451 933 555 986 truces
569 932 625 985 aut
638 923 788 982 immanes
801 922 982 1002 Agathyrsi,
1137 941 1185 986 125

175 1025 244 1085 Hac
259 1023 358 1084 saevit
371 1021 455 1082 rabie
470 1019 594 1080 imbelle
610 1028 642 1079 et
656 1018 765 1078 inutile
780 1018 902 1098 vulgus,

176 1122 313 1182 Parvula
325 1119 471 1180 fictilibus
486 1117 612 1178 solitum
627 1115 700 1174 dare
716 1115 786 1174 vela
800 1115 932 1194 phaselis

175 1219 218 1278 Et
232 1218 376 1277 brevibus
390 1216 491 1296 pictae
505 1212 598 1274 remis
612 1211 791 1272 incumbere
805 1221 913 1272 testae.

95 1387 97 1393 k
175 1313 243 1374 Nec
257 1332 389 1393 poenam
405 1311 511 1372 sceleri
525 1309 673 1383 invenies
688 1327 746 1368 neo
761 1308 855 1386 digna
868 1309 990 1387 parabis

176 1410 332 1490 Supplicia
345 1409 393 1468 his
406 1408 536 1488 populis,
550 1408 584 1467 in
597 1427 728 1487 quorum
743 1413 848 1466 mente
861 1423 951 1483 pares
965 1415 1039 1466 sunt
1138 1423 1187 1468 130

176 1507 218 1566 Et
233 1506 347 1567 similes
360 1491 405 1564 ira
419 1513 511 1584 atque
525 1504 630 1564 fames.
671 1501 856 1564 Mollissima
869 1501 964 1561 corda

175 1603 322 1663 Humano
336 1602 442 1682 generi
457 1602 529 1661 dare
544 1619 576 1660 se
591 1609 701 1660 natura
714 1599 831 1659 fatetur

176 1701 264 1772 Quae
278 1700 418 1758 lacrimas
434 1697 537 1757 dedit:
557 1697 634 1757 haec
647 1697 745 1757 nostri
759 1715 830 1775 pars
845 1694 964 1773 optima
977 1714 1094 1757 senene.

176 1797 303 1856 Plorare
317 1815 390 1874 ergo
401 1794 492 1874 jubet
506 1813 611 1854 casum
625 1793 760 1873 lugentis
776 1792 874 1866 amici,

177 1893 418 1973 Squaloremque
432 1890 485 1963 rei,
503 1890 654 1969 pupillum
669 1889 707 1950 ad
718 1889 790 1967 jura
804 1899 971 1952 vocantem
1041 1951 1044 1955 ,
1140 1907 1186 1954 135

177 1987 491 2067 Circumscriptorem,
507 1987 593 2066 cujus
607 1987 765 2046 manantia
778 1987 854 2048 fletu

176 2086 241 2145 Ora
254 2085 405 2164 puellares
419 2083 537 2144 faciunt
551 2084 669 2144 incerta
682 2084 794 2164 capilli.

176 2181 317 2242 Naturae
331 2180 461 2260 imperio
475 2179 636 2259 gemimus,
652 2200 746 2259 quum
762 2181 854 2242 funus
869 2182 993 2242 adultae

176 2279 317 2359 Virginis
331 2277 473 2347 occurrit,
487 2276 538 2336 vel
552 2285 636 2336 terra
650 2278 805 2338 clauditur
818 2279 920 2340 infans

176 2376 219 2436 Et
234 2377 334 2436 minor
346 2375 418 2455 igne
433 2373 508 2452 rogi.
549 2372 627 2445 Quis
641 2374 723 2434 enim
737 2375 837 2436 bonus
852 2387 884 2437 et
898 2376 964 2436 sace
979 2375 1094 2457 dignus
1138 2393 1185 2440 14⁰

176 2476 309 2546 Arcana,
324 2473 447 2552 qualem
463 2470 583 2530 Cereris
597 2470 665 2531 vult
680 2490 746 2532 esse
761 2473 912 2547 sacerdos,

176 2570 253 2632 Ulla
267 2570 366 2629 aliena
380 2568 438 2628 sibi
452 2567 558 2628 credat
572 2567 676 2628 mala?
718 2568 848 2649 Separat
862 2570 920 2630 hoo
935 2589 991 2630 nos

175 2667 207 2727 A
221 2685 316 2746 grege
330 2674 495 2738 martorum,
511 2672 605 2744 atque
619 2665 691 2724 ideo
706 2666 881 2725 venerabile
897 2667 954 2726 soli

90 2833 92 2839 Ι
179 2762 287 2823 Sortiti
301 2761 469 2842 ingenium,
485 2759 722 2841 divinorumque
736 2781 871 2842 capaces,

177 2860 283 2938 Atque
298 2856 477 2918 exercendis
493 2858 711 2938 capiendisque
726 2859 843 2919 artibus
858 2859 932 2939 apti,
1138 2878 1186 2924 145

178 2957 311 3017 Sensum
326 2974 344 3014 a
358 2954 483 3015 caelesti
498 2954 664 3018 demissum
681 2956 829 3016 traximus
845 2976 922 3029 arce,
1022 2939 1026 2945 ’

153 3115 155 3121 ,
178 3054 275 3133 Cujus
290 3062 384 3132 egent
397 3071 495 3132 prona
509 3061 542 3114 et
556 3061 670 3112 temam
684 3053 864 3131 spectantia.
909 3052 1022 3112 Mundi

177 3151 333 3231 Principio
347 3149 477 3211 indulsit
492 3147 662 3210 communis
676 3149 819 3209 conditor
831 3149 892 3209 illis
965 3151 967 3156 ’

177 3250 313 3309 Tantum
329 3248 455 3322 animas,
469 3247 558 3308 nobis
573 3245 710 3304 animum
724 3265 854 3325 quoque,
869 3253 996 3305 mutuus
1010 3254 1044 3304 ut
1058 3264 1117 3306 nos

178 3345 319 3406 Affectus
333 3353 439 3424 petere
454 3342 602 3402 auxilium
616 3350 648 3401 et
661 3351 818 3422 praestare
827 3342 961 3421 juberet,
1138 3358 1187 3405 150

168 3441 340 3520 ·Dispersos
353 3441 475 3500 trabere
490 3438 522 3497 in
537 3438 695 3517 populum,
709 3438 843 3518 migrare
857 3447 982 3498 vetusto

177 3538 226 3597 De
241 3557 365 3597 nemore
380 3545 412 3595 et
426 3535 549 3613 proavis
563 3534 719 3594 habitatas
733 3534 872 3614 linquere
887 3535 987 3608 silvas,
