2598 4170
159 323 200 388 10
350 341 351 344 ’
467 341 503 388 n.
527 341 630 389 suun
652 338 861 388 unvunams

126 463 289 568 (Miratur
302 525 412 568 vocem
426 517 597 587 angustam,
612 527 673 587 qua
687 506 823 566 deterius
836 525 894 566 nec

158 603 215 664 Ille
229 612 319 664 sonat
333 623 394 682 quo
409 603 569 664 mordetur
582 603 697 683 gallina
711 601 831 662 marite.

159 704 245 760 Haec
259 699 366 760 eadem
380 699 453 761 licet
467 709 499 760 et
513 701 601 760 nohis
614 700 758 772 laudare3
779 697 908 758 sediliis

159 797 311 858 Creditur.
351 787 404 856 An
419 796 528 856 melior
542 815 637 875 quum
652 795 774 853 Thaida
787 794 927 868 sustinet,
942 803 996 854 aut
1010 812 1103 873 quum

159 893 299 955 Uxorem
315 893 479 954 comoedus
495 892 560 972 agit
575 892 625 951 vel
641 890 760 951 Dorida
775 891 860 950 nullo

160 991 284 1052 Oultam
298 991 446 1070 palliolo?
459 1063 461 1069 s
487 989 599 1049 Mulier
614 1007 725 1067 nempe
738 986 804 1067 ipsa
818 987 942 1048 videtur
1134 999 1169 1046 95

159 1087 233 1146 Non
247 1107 378 1168 persona
391 1087 491 1168 loqui:
513 1105 611 1146 vacua
625 1092 657 1144 et
671 1085 764 1164 plana
777 1083 881 1144 omnia
895 1084 980 1144 dicas

160 1182 244 1244 Infra
257 1185 463 1244 ventriculum
477 1193 508 1244 et
523 1181 609 1243 tenui
625 1179 773 1240 distantia
788 1162 905 1336 limax(

160 1279 229 1339 Nee
243 1288 347 1340 tamen
360 1281 544 1354 Antiochus,
559 1299 615 1339 nec
630 1279 688 1338 erit
702 1275 848 1337 mirabilis
864 1276 874 1335 i
898 1277 927 1336 ic

160 1376 228 1436 Aut
244 1376 410 1437 Stratocles
425 1386 479 1438 aut
494 1398 563 1438 eum
576 1376 662 1436 molli
677 1373 856 1458 Demetrius
871 1372 1008 1433 Haemo:

160 1471 257 1532 Natio
273 1475 419 1533 comoeda
433 1483 489 1534 est.
529 1473 634 1548 Rides,
649 1473 764 1552 majore
779 1469 929 1530 cachinno
1121 1483 1170 1530 100

162 1570 363 1726 &cutinus
383 1571 437 1631 flet
451 1570 476 1630 si
491 1559 629 1631 lacrimas
644 1569 804 1648 conspexit
819 1567 918 1640 amici,

196 1686 212 1725 e
245 1667 348 1741 dolet;
370 1667 538 1726 ‘cniculum
550 1667 677 1727 brumae
692 1665 716 1726 si
731 1677 870 1744 tempore
884 1683 1001 1743 poscas,

162 1762 287 1842 Accipit
302 1687 530 1871 01034ᾆο100οη
552 1764 577 1824 si
591 1763 713 1848 dixeris,
728 1772 843 1837 aestuo,
859 1762 959 1839 sudat.

162 1858 236 1918 Non
252 1879 356 1918 sumus
371 1879 444 1938 ergo
458 1880 565 1940 pares3
586 1860 694 1920 melior
708 1860 760 1940 qui
775 1879 896 1939 semper
910 1868 942 1919 et
957 1857 1042 1919 omni

162 1955 265 2016 Nocte
281 1956 390 2036 dieque
405 1966 508 2036 potest
523 1957 656 2017 alienum
671 1977 790 2017 sumere
805 1958 937 2032 vultum,

163 2053 194 2111 A
207 2052 284 2112 facie
300 2052 418 2131 jactare
434 2073 550 2128 manus,
565 2054 690 2114 laudare
705 2065 829 2134 paratus

165 2149 199 2210 Si
212 2150 290 2209 bene
304 2149 445 2223 ructavit,
460 2150 485 2210 si
499 2159 617 2210 rectum
631 2151 743 2212 minxit
758 2152 881 2228 amicus,

38 2237 128 2337 adop.
166 2245 199 2306 Si
213 2246 305 2304 trulla
318 2246 441 2306 inverso
456 2246 605 2326 crepitum
621 2247 708 2308 dedit
723 2269 814 2309 aurea
827 2250 932 2310 funde.

164 2341 330 2402 Praeterea
344 2352 483 2403 sanctum
497 2343 573 2402 nihil
588 2352 634 2404 est
649 2355 681 2405 et
694 2346 733 2405 ab
747 2346 873 2427 inguine
888 2356 1011 2407 tutum:
1116 2337 1118 2342 ⁵

164 2437 237 2498 Non
253 2447 393 2500 matrona
407 2437 501 2513 Laris,
516 2460 578 2500 non
592 2439 655 2500 filia
669 2441 765 2522 virgo,
781 2463 881 2522 neque
895 2443 961 2523 ipse

166 2534 302 2613 Sponsus
316 2535 392 2595 levis
407 2536 515 2609 adhuc,
529 2557 592 2597 non
603 2537 686 2598 'filius
701 2549 773 2600 ante
788 2541 928 2620 pudicus.
980 2550 983 2557 '

165 2630 286 2691 Horum
300 2630 325 2692 si
339 2631 415 2692 nihil
429 2634 484 2706 est,
500 2633 598 2692 aviam
613 2636 772 2715 resupinat
787 2609 916 2736 amieis

166 2726 249 2787 Scire
264 2728 374 2789 volunt
388 2739 505 2790 secreta
519 2730 628 2791 domus
645 2744 737 2813 atque
748 2733 821 2794 inde
836 2732 947 2793 timeri.

164 2823 207 2885 Et
221 2824 365 2904 quoniam
379 2825 480 2905 coepit
495 2827 681 2889 Graecorum
696 2829 821 2903 mentio,
836 2828 932 2890 transi

165 2921 333 2999 Gymnasia
347 2930 438 3001 atque
454 2923 526 2983 audi
540 2924 657 2985 facinus
671 2926 795 3004 majoris
809 2926 937 2986 abollae.

166 3017 287 3078 Stoicus
356 3039 366 3077 1
389 3019 414 3078 it
428 3019 568 3094 Baream,
582 3021 704 3081 'delator
718 3022 851 3082 amicum
919 3049 921 3053 ·

163 3112 417 3194 Discipulumque
431 3137 535 3188 senex,
550 3117 617 3196 ripa
630 3119 765 3178 nutritus
778 3118 810 3178 in
825 3119 878 3178 illa

164 3209 217 3268 Ad
232 3230 323 3290 quam
338 3213 495 3293 Gorgonei
510 3213 635 3292 delapsa
649 3223 695 3274 est
709 3215 804 3294 pinna
819 3215 937 3274 caballi.

164 3305 238 3365 Nou
253 3317 300 3368 est
314 3309 457 3370 Romano
472 3310 614 3390 cuiquam
628 3310 713 3370 locus
726 3311 785 3385 hic,
800 3311 852 3371 ubi
867 3320 976 3391 regnat
1075 3365 1076 3368 ,

165 3400 358 3483 Protogenes
373 3405 481 3485 aliquis
495 3405 546 3465 vel
560 3381 773 3485 Diphilus¹a1a
787 3379 983 3482 Hedmarcus,
1115 3423 1172 3469 Ὶ120

166 3494 229 3567 Qui
242 3500 346 3578 gentis
359 3501 437 3561 vitio
451 3520 610 3581 nunquam
623 3502 757 3581 partitur
770 3503 911 3578 amicum,
