2598 4170
194 397 236 462 28
499 413 535 460 u.
550 413 654 462 suun
674 411 880 460 Juvnunnrs

194 579 256 652 Qui
271 579 388 660 tegitur
401 598 508 658 parma
522 588 554 639 et
567 580 656 659 galea
669 590 871 658 metuensque
885 579 1000 659 flagelli

192 676 293 737 Discit
308 676 347 736 ab
361 675 478 735 hirsuta
491 676 631 755 jaculum
646 687 789 756 torquere
804 675 930 755 capella.
1005 679 1009 686 '
1150 691 1201 738 155

192 767 336 834 Forsitan
350 773 507 852 impensae
522 771 689 834 Virronem
703 791 828 852 parcere
843 772 960 834 credas.

192 871 262 932 Hoc
276 871 342 952 agit
356 879 391 930 ut
406 870 463 948 dol·
490 887 529 953 ¹s:
551 889 621 929 uam
660 889 716 929 uae
731 869 899 944 comoedia,
914 869 1025 932 mimus

193 968 270 1041 Quis
284 970 393 1030 melior
402 888 547 1049 piogffle
700 966 786 1062 Ergo
800 967 903 1027 omnic
916 966 1003 1042 fiunt,

192 1066 226 1125 Si
240 1065 348 1141 nescis,
364 1069 398 1127 ut
411 1085 467 1146 per
481 1064 621 1125 lacrimas
637 1063 793 1124 effundere
807 1063 902 1124 bilem

192 1163 320 1243 Cogaris
334 1183 499 1244 pressoque
514 1163 568 1222 diu
577 1133 712 1223 &lutire
727 1161 844 1221 molari.
949 1201 957 1214 .

191 1257 241 1319 Tu
255 1260 312 1320 tibi
326 1261 402 1320 liber
416 1261 508 1321 homo
523 1268 556 1322 ct
570 1259 650 1341 regis
667 1257 799 1319 conviva
812 1259 946 1320 videris:

191 1356 325 1435 Captum
339 1366 371 1417 tc
386 1357 493 1418 nidore
508 1377 580 1418 suae
593 1365 685 1438 putat
699 1357 751 1418 illc
766 1355 894 1430 culinae,

190 1452 258 1512 Nec
272 1454 351 1513 male
366 1453 528 1533 conjectat.
570 1454 647 1528 Quis
662 1455 745 1515 enim
759 1463 825 1514 tam
840 1454 942 1515 nudus
957 1452 1093 1516 utillum

189 1549 245 1609 Bis
259 1549 345 1625 ferat,
360 1550 526 1612 Etruscum
539 1572 635 1632 puero
650 1553 676 1613 si
690 1551 823 1632 contigit
837 1559 1028 1644 aurumluq.

189 1645 252 1707 Vel
266 1648 367 1708 nodus
381 1654 503 1709 tantum
519 1657 551 1709 et
566 1649 688 1730 signum
703 1649 742 1709 de
757 1667 892 1730 paupere
906 1649 995 1708 loro?
1146 1662 1194 1710 165

190 1744 268 1824 Spes
281 1745 360 1806 bene
376 1747 526 1807 coenandi
540 1766 596 1808 vos
611 1747 735 1827 decipit.
777 1745 887 1807 “Ecce
902 1745 989 1806 dabit
997 1745 1066 1826 jam

190 1841 350 1902 Semesum
364 1842 499 1922 leporem
514 1853 606 1924 atque
622 1843 737 1924 aliquid
754 1844 794 1904 de
809 1843 950 1904 clunibus
965 1843 1047 1923 apri:

188 1937 242 1997 Ad
257 1957 313 1998 nos
324 1939 391 2018 jam
405 1940 511 2001 veniet
524 1941 625 2001 minor
638 1939 758 2002 altilis.”
800 1940 879 2001 Inde
893 1948 1003 2022 parato

182 2033 372 2116 ¹Intactoque
387 2056 493 2097 omnes
507 2046 540 2098 et
554 2037 662 2099 stricto
676 2057 755 2117 parre
771 2037 889 2099 tacetis.
1067 2116 1070 2120 Ι

102 2143 108 2154 ·
187 2130 245 2191 Ille
260 2131 340 2210 sapit
355 2132 407 2212 qui
422 2142 453 2192 te
468 2133 511 2194 sic
525 2133 631 2194 utitur.
674 2134 787 2195 Omnia
800 2135 900 2208 ferre
1145 2150 1193 2199 110
1258 2145 1263 2158 '

189 2227 222 2288 Si
236 2238 333 2308 potes,
348 2238 379 2290 et
394 2229 496 2290 debes.
537 2229 731 2293 Pulsandum
745 2234 861 2294 vertice
876 2252 947 2296 raso

187 2323 354 2386 Praebebis
369 2327 553 2407 quandoque
568 2337 669 2408 caput,
683 2349 740 2390 neo
754 2329 832 2391 dura
845 2323 971 2393 timebis
1072 2371 1076 2380 ·

187 2421 301 2504 Flagra
313 2423 380 2503 pati
393 2423 441 2485 his
455 2423 554 2505 epulis
569 2432 601 2486 et
614 2424 670 2486 tali
685 2425 797 2507 dignus
812 2427 920 2491 amieo.
