2598 4170
695 413 954 515 eadm.

130 507 280 568 Somnum
294 504 361 564 rixa
374 504 467 570 facit:
488 504 543 564 sed
558 503 698 584 quamvis
711 501 869 581 improbus
883 519 971 562 annis

128 604 234 684 Atque
249 622 334 662 mero
347 601 469 662 fervens
483 610 573 662 cavet
587 602 669 660 hunc
684 619 776 680 quem
791 599 916 660 coccina
929 599 1018 660 laena

127 700 232 761 Vitari
243 700 335 780 jubet
349 706 382 758 et
396 697 545 758 comitum
559 695 754 778 longissimus
769 695 854 770 ordo,

128 796 264 856 Multum
278 803 436 875 praeterea
450 793 642 852 flammarum
656 801 688 852 et
702 800 797 852 aenea
809 785 1018 875 ΙαπιραεΛὛ.
1083 808 1134 854 285

128 893 181 953 Me
196 913 288 972 quem
302 889 391 952 Luna
404 890 485 952 solet
499 889 653 950 deducere
666 889 717 949 vel
730 889 824 948 breve
837 889 943 950 lumen
959 927 962 935 ι

129 990 293 1063 Candelae,
308 989 394 1067 cujus
408 987 552 1065 dispenso
568 994 753 1065 attempero
767 985 863 1060 filum,
872 973 947 1075 clos.

128 1087 317 1148 Contemnit.
357 1085 490 1146 Miserae
505 1102 655 1164 cognosce
671 1082 828 1162 prooemia
840 1083 935 1159 rixae,

129 1183 163 1244 Si
177 1184 243 1242 rixa
257 1193 304 1243 est
318 1183 372 1243 ubi
385 1192 421 1244 tu
434 1182 546 1263 pulsas,
561 1199 621 1260 ego
635 1180 749 1258 vapulo
764 1188 896 1240 tantum.

129 1279 200 1341 Stat
214 1289 319 1341 contra
333 1280 467 1359 starique
481 1279 591 1358 jubet3
612 1296 718 1357 parere
733 1296 858 1338 necesse
872 1287 939 1354 est3
1082 1293 1131 1340 290

128 1375 212 1436 Nam
226 1377 301 1456 quid
316 1396 398 1456 agas,
413 1397 507 1456 quum
520 1385 552 1436 te
566 1375 698 1436 furiosus
714 1382 806 1455 cogat
821 1383 853 1434 et
867 1374 950 1435 idem

129 1459 284 1558 Fortiorfl'
317 1472 440 1534 “Unde
454 1471 594 1550 venis?”
615 1472 787 1532 exclamat:
811 1472 926 1551 “eujus
941 1491 976 1534 ac
1029 1489 1039 1548 ,·

130 1569 225 1648 Cujus
239 1554 355 1630 cbbth‘e‘
369 1570 492 1630 tumes?
513 1570 581 1649 quis
596 1577 699 1630 tecum
714 1568 820 1630 sectile
833 1589 959 1650 porrum

130 1666 224 1726 Sutor
238 1675 269 1726 et
284 1666 356 1726 elixi
371 1666 509 1727 vervecis
521 1667 608 1727 labra
621 1667 782 1728 eomedit?

128 1763 184 1822 Nil
197 1763 273 1822 mihi
286 1763 477 1842 respondes?
516 1765 585 1824 Aut
599 1763 649 1824 dic
663 1773 716 1824 aut
731 1765 834 1844 accipe
849 1765 973 1826 calcem.
1083 1781 1133 1828 295

129 1859 197 1920 Ede
211 1860 264 1919 ubi
278 1829 443 1921 coldistas:
463 1861 496 1920 in
511 1870 617 1941 quate
632 1883 745 1943 quaero
760 1865 930 1944 proseucha
939 1865 954 1923 l
963 1863 982 1893 ”

129 1956 241 2017 Dicere
256 1956 281 2016 ri
294 1964 428 2035 temptes
443 1957 559 2038 aliquid
572 1958 725 2020 tacitusve
739 1960 875 2034 recedas,

129 2053 328 2113 Tantundem
342 2062 406 2128 est;
426 2053 541 2116 feriunt
553 2055 687 2135 pariter3
708 2056 886 2118 vadimonia
899 2056 1012 2118 deinde

128 2149 205 2210 Irati
219 2149 345 2210 faciunt.
385 2148 527 2212 Libertas
540 2153 683 2232 pauperis
697 2155 774 2215 haee
788 2163 851 2215 est:

129 2246 274 2307 Pulsatus
289 2255 378 2326 rogat
393 2255 429 2307 et
438 2247 550 2327 pugnis
565 2249 705 2310 concisus
720 2250 901 2336 adoratstap.
1087 2267 1133 2312 300

128 2343 177 2405 Ut
190 2343 282 2404 liceat
295 2343 401 2423 paneis
416 2364 487 2405 oum
501 2345 646 2406 dentibus
660 2347 734 2408 inde
748 2347 871 2408 reverti.

168 2438 238 2499 Nee
251 2448 356 2500 tamen
369 2440 447 2501 haee
460 2450 583 2502 tantum
597 2453 736 2506 metuas:
757 2464 829 2505 nam
844 2445 897 2524 qui
911 2443 1022 2523 spoliet
1036 2453 1068 2505 te

128 2537 202 2597 Non
218 2527 325 2610 deerit,
339 2538 450 2598 clausis
465 2538 607 2600 domibus
620 2550 786 2621 postquam
801 2541 900 2602 omnis
915 2540 1029 2621 ubique

128 2633 208 2693 Fixa
222 2642 382 2694 catenatae
397 2635 481 2695 siluit
496 2656 646 2718 compago
660 2638 816 2699 tabernae.

128 2731 290 2790 Interdum
304 2740 336 2790 et
350 2731 430 2792 ferro
445 2733 563 2796 subitus
578 2744 733 2815 grassator
747 2713 902 2815 agstttm,
1085 2751 1131 2798 305

127 2829 259 2888 Armato
274 2828 394 2907 quoties
407 2837 494 2890 tutae
511 2832 638 2892 custode
652 2841 799 2893 tenentur

127 2924 171 2985 Et
184 2924 353 3005 Pomptina
365 2926 454 3006 palus
468 2935 500 2989 et
515 2899 682 2997 Gallirltrta
695 2928 803 3009 pinus:

129 3021 179 3082 Sic
192 3022 266 3082 inde
280 3023 341 3082 huc
355 3043 462 3084 omnes
476 3033 626 3104 tanquam
640 3025 680 3084 ad
695 3025 813 3086 vivaria
827 3033 962 3086 currunt.

128 3118 198 3191 Qua
212 3118 335 3178 fornace
349 3139 469 3199 graves,
484 3139 545 3199 qua
558 3141 619 3180 non
634 3120 755 3196 incude,
771 3130 898 3183 catenae
908 3102 1017 3181 lm

126 3215 282 3275 Maximus
296 3215 328 3275 in
343 3216 452 3276 vinclis
465 3215 536 3276 ferri
550 3217 670 3291 mbdus,
683 3226 719 3278 ut
733 3218 843 3278 timeas
857 3237 896 3278 ne
1085 3232 1132 3279 310

126 3310 246 3371 Vomer
260 3310 393 3386 deficiat,
408 3332 447 3372 ne
461 3331 580 3372 marrae
595 3322 626 3373 et
641 3314 759 3374 sarcula
773 3314 885 3375 desint.
980 3346 983 3354 ,

127 3406 246 3468 Felices
260 3427 447 3487 proavorum
461 3419 577 3483 atavos,
593 3409 694 3470 felicia
708 3411 792 3471 dieas

128 3502 267 3579 Saecula,
282 3523 361 3583 quae
375 3505 532 3584 quondam
546 3505 603 3566 sub
616 3506 742 3586 regibus
756 3516 849 3587 atque
863 3507 995 3570 tribunis
