2604 4160
171 356 211 422 82
485 369 522 418 n.
537 366 641 418 turn
662 364 869 416 ruvsrnms
955 397 957 402 .

168 537 311 602 Culmina
325 534 477 610 villarum,
491 533 616 595 Graecis
630 534 783 614 longeque
797 530 903 610 petitis

167 632 373 697 Mannoribus
387 631 514 692 vincens
530 630 687 691 Fortunae
702 639 795 708 atque
810 627 954 690 Herculis
967 628 1085 703 aedem,
1144 643 1176 690 eo

167 733 215 795 Ut
228 731 327 813 spado.
339 729 484 820 vincebat
500 727 653 806 Capitolia
667 733 773 786 nostra
787 723 924 784 Posides.

135 827 140 836 '
167 830 250 890 Dum
265 829 395 908 sicergo
410 824 531 885 habitat
547 822 718 896 Oetroniuq
732 820 888 914 imminuit
901 839 974 895 rem,

168 925 274 1007 Fregit
289 945 371 1006 opes,
384 942 441 984 nec
456 940 552 1002 parva
566 928 668 981 tamen
684 936 827 978 mensura
840 917 966 978 relictae

167 1023 268 1084 Partis
283 1031 367 1097 erat3
388 1031 488 1084 totam
503 1019 584 1079 hanc
599 1014 738 1077 turbavit
752 1013 833 1073 filius
847 1032 961 1087 amens,

166 1121 250 1180 Dum
264 1120 389 1183 meliore
404 1137 500 1180 novas
515 1113 632 1176 attollit
647 1131 798 1173 marmore
813 1109 910 1171 villas.
1143 1123 1175 1171 9⁵

206 1217 340 1289 Quidam
356 1215 457 1276 sortiti
471 1221 664 1274 metuentem
679 1208 807 1270 sabbata
820 1217 942 1287 patrem

167 1314 220 1372 Nil
236 1323 357 1393 praeter
372 1313 468 1372 nubes
482 1319 514 1372 et
529 1309 606 1372 caeli
622 1326 737 1369 numen
753 1304 893 1380 adorant,

167 1409 234 1470 Nec
248 1410 362 1469 distare
376 1417 489 1488 putant
503 1409 637 1468 humana
654 1425 744 1467 carne
760 1404 890 1478 suillam,

166 1507 237 1578 Qua
250 1516 339 1586 pater
353 1505 520 1579 abstinuit3
542 1525 614 1566 mox
629 1513 662 1565 et
676 1503 839 1584 praeputia
853 1508 982 1581 ponunt.

166 1603 322 1664 Romanas
337 1612 439 1663 autem
456 1602 538 1663 soliti
553 1610 751 1662 contemnere
767 1600 852 1679 leges
1128 1612 1176 1660 100

164 1699 186 1761 J
190 1700 331 1760 udaicurn
346 1698 487 1759 ediscunt
500 1708 532 1759 et
546 1706 670 1758 servant
685 1717 720 1758 ao
734 1704 880 1757 metuunt
894 1695 956 1776 jus,

166 1796 309 1856 Tradidit
324 1815 435 1856 arcano
450 1795 655 1875 quodcunque
670 1793 827 1855 volumine
841 1793 965 1868 Moses3

144 1873 240 1985 (Non
256 1901 426 1953 monstrare
441 1893 507 1953 vias
523 1892 631 1952 eadem
645 1891 704 1953 nisi
719 1911 804 1952 saera
815 1892 940 1966 colenti,

167 1989 349 2061 Quaesitum
364 1989 402 2048 ad
417 1988 536 2050 fontem
550 1989 630 2050 solos
645 1988 797 2050 deducere
812 2009 933 2069 verpus.
950 1974 971 2073 )

168 2087 230 2146 Sed
244 2095 332 2165 pater
344 2086 377 2146 in
392 2081 491 2160 causa,
507 2087 557 2146 cui
571 2086 702 2166 septima
716 2107 855 2166 quaeque
870 2087 928 2148 fuit
942 2085 995 2146 lux
1126 2101 1175 2148 105

167 2182 285 2264 Ignara
299 2193 331 2244 et
345 2192 465 2262 partem
480 2183 562 2244 vitae
577 2203 640 2244 non
655 2184 761 2264 attigit
776 2185 879 2244 ullam.

208 2279 324 2360 Sponte
338 2289 444 2340 tamen
460 2280 592 2360 juvenes
606 2279 768 2342 imitantur
783 2290 894 2355 cetera,
909 2279 1004 2342 solam

86 2445 89 2452 .
167 2377 262 2438 Inviti
277 2397 398 2458 quoque
413 2377 574 2437 avaritiam
589 2396 731 2438 exercere
748 2378 906 2457 jubentur.

169 2474 261 2534 Fallit
276 2473 358 2534 enim
371 2473 481 2534 vitium
497 2473 597 2553 specie
613 2474 737 2535 virtutis
752 2485 783 2536 et
798 2476 914 2550 umbra,

168 2571 272 2643 Quum
287 2571 327 2631 sit
341 2570 428 2630 triste
443 2570 551 2631 habitu
565 2561 716 2652 vultuque
731 2581 764 2632 et
777 2583 863 2633 veste
878 2591 1027 2632 severum.
1128 2587 1177 2634 110

168 2669 236 2728 Nec
251 2667 343 2727 dubie
357 2678 504 2747 tanquam
519 2667 599 2748 frugi
614 2669 759 2730 laudatur
774 2689 892 2744 avarus,

168 2765 328 2843 Tanquam
343 2782 452 2843 parcus
466 2764 559 2824 homo
574 2773 606 2825 et
620 2785 721 2825 rerum
736 2766 835 2826 tutela
849 2785 971 2826 suarum

170 2862 262 2922 Certa
275 2860 373 2940 magis
387 2880 478 2940 quam
493 2861 520 2921 si
534 2861 672 2923 fortunas
687 2872 788 2924 servet
804 2864 926 2924 easdem

169 2955 376 3036 Hesperidum
390 2977 515 3037 serpens
530 2967 584 3020 aut
598 2959 758 3020 Ponticus.
798 2961 892 3021 Adde
907 2958 990 3040 quod
1003 2958 1086 3019 hunc
1101 2958 1142 3019 de

170 3055 240 3127 Quo
255 3055 364 3133 loquor
377 3055 536 3135 egregium
549 3058 682 3136 populus
696 3066 786 3136 putat
801 3056 978 3137 acquirendi
1126 3070 1176 3118 115

169 3151 348 3212 Artificem:
371 3151 483 3232 quippe
498 3152 545 3212 his
561 3162 702 3228 crescunt
713 3153 898 3233 patrimonia
911 3151 1022 3212 fabris:

171 3249 233 3308 Sed
248 3258 389 3313 crescunt
404 3268 587 3328 quocunque
601 3248 704 3324 modo,
719 3250 896 3330 majoraque
910 3248 989 3309 fiunt

170 3343 287 3405 Inoude
303 3345 425 3405 assidua
438 3363 619 3424 semperque
633 3347 762 3406 ardente
777 3347 907 3406 camino.

171 3441 213 3499 Et
227 3451 315 3520 pater
329 3461 402 3521 ergo
417 3439 510 3500 animi
523 3440 627 3502 felices
641 3442 739 3503 credit
753 3462 870 3516 avaros,

172 3537 235 3606 Qui
248 3539 375 3596 miratur
388 3554 471 3616 opes,
486 3536 539 3615 qui
552 3538 637 3598 nulla
652 3539 792 3618 exempla
804 3539 888 3599 beati
1128 3555 1178 3604 120
1274 3612 1275 3626 1
