2598 4170
153 521 262 583 verba
277 522 518 604 animiproferre
533 483 675 587 edvium
689 527 732 588 im
836 550 868 592 re
882 551 965 598 vero.

154 621 207 682 Sic
220 620 335 680 multas
348 620 464 680 hiemes
478 631 571 702 atque
587 625 776 704 octogesima
790 628 870 689 vidit

154 717 305 791 Solstitia,
318 716 367 776 his
381 718 472 777 armis
485 719 539 778 illa
554 739 676 800 quoque
691 731 779 784 tutus
792 725 825 786 in
840 729 919 791 aula

153 815 318 876 Proximus
333 813 472 892 ejusdem
485 818 671 896 properabat
684 820 804 884 Acilius
818 826 888 888 aevi

153 914 235 975 Cum
247 912 364 991 juvene
379 901 508 993 indigm
522 935 615 995 quem
628 937 710 980 mors
723 930 788 982 tam
803 945 895 987 saeva
936 889 1080 1011 ‘'udicif
1126 943 1158 990 00
1239 954 1254 994 ¹.

152 1011 196 1072 Et
209 1009 338 1071 Domini
351 1010 462 1090 gladiis
476 1021 540 1073 tam
554 1015 718 1078 festinata:
739 1021 793 1082 sed
808 1023 883 1084 olim

152 1109 303 1190 Prodigio
317 1131 372 1191 par
386 1121 433 1171 est
448 1130 519 1171 cum
533 1113 696 1176 nobilitate
711 1128 872 1180 senectus:

152 1207 248 1270 Unde
262 1208 307 1283 fit,
324 1217 358 1268 ut
371 1209 477 1268 malim
490 1210 673 1274 fraterculus
687 1235 753 1276 esse
767 1216 920 1296 Gigantis.

150 1305 274 1366 Profuit
289 1299 366 1386 ergll
376 1307 451 1367 nihil
465 1307 578 1370 misero
592 1312 677 1390 quod
691 1313 829 1374 cominus
843 1333 930 1375 ursos

150 1404 286 1484 Figebat
299 1404 452 1466 Numidas
466 1406 591 1467 Albana
605 1409 706 1470 nudus
721 1429 814 1470 arena
1110 1426 1157 1474 100

150 1503 301 1564 Venator.
342 1503 421 1576 Quis
435 1505 518 1565 enim
532 1505 600 1584 jam
613 1517 677 1567 non
691 1507 845 1587 intelligat
860 1517 941 1570 artes

150 1601 327 1662 Patriciae?
368 1601 446 1675 Quis
460 1603 595 1682 priscum
609 1604 687 1663 illud
701 1604 830 1665 miratur
844 1625 983 1680 acumen,

150 1698 258 1774 Brute,
272 1701 387 1760 tuum?
427 1699 531 1760 Facile
547 1710 594 1761 est
608 1701 737 1762 barbato
751 1701 909 1780 imponere
922 1703 998 1783 regi.

29 1788 138 1881 May-
149 1794 182 1854 N
184 1816 218 1856 ec
233 1764 341 1857 tiled&
355 1797 444 1858 vultu
459 1797 600 1876 quamvis
614 1798 759 1878 ignobilis
771 1799 838 1859 ibat

149 1892 294 1968 Rubrius,
309 1893 442 1954 offensae
456 1894 571 1956 veteris
584 1914 655 1956 reus
669 1905 845 1976 atque-tace

868 1896 936 1970 dae,
1108 1911 1156 1958 100

148 1990 192 2050 Et
206 2000 311 2051 tamen
325 1960 493 2071 irllilttbior
508 1993 635 2052 satiram
650 1993 803 2055 scribente
818 1917 958 2066 odll'ffio.

147 2088 292 2148 Montani
306 2109 429 2170 quoque
442 2099 554 2150 venter
567 2091 664 2165 adest,
678 2091 843 2152 abdomine
857 2091 974 2166 tardus,

148 2184 192 2245 Et
205 2186 361 2247 matutino
375 2188 491 2248 sudans
506 2188 666 2268 Crispinus
681 2208 804 2248 amomo

148 2283 309 2356 Quantum
323 2285 376 2345 vix
390 2285 533 2346 redolent
548 2286 611 2346 duo
624 2287 750 2361 funera3
772 2285 893 2347 saevior
905 2285 960 2347 illo

147 2379 316 2460 Pompeius
329 2382 418 2446 tenui
429 2382 556 2462 jugulos
571 2383 688 2461 aperire
703 2403 843 2457 susurr03
1107 2397 1155 2443 110

146 2478 190 2538 Et
205 2477 257 2557 qui
271 2479 445 2539 vulturibus
460 2479 603 2539 servabat
616 2479 735 2539 viscera
749 2479 844 2538 Dacis

146 2573 274 2650 Fuscus,
287 2595 458 2635 marmorea
471 2575 641 2636 meditatus
654 2576 770 2655 proelia
784 2576 878 2651 villa3

146 2671 189 2732 Et
204 2693 275 2733 cum
289 2673 447 2734 mortifero
461 2674 597 2752 prudens
612 2672 748 2733 Veiento
764 2673 898 2747 Catullo,

147 2769 210 2841 Qui
223 2791 381 2850 nunquam
395 2770 479 2831 visae
493 2769 645 2850 flagrabat
659 2789 762 2830 amore
776 2771 906 2850 puellae,

146 2866 271 2928 Grande
286 2877 319 2928 et
332 2868 532 2948 conspicuum
546 2876 653 2927 nostro
689 2886 789 2946 uoque
803 2876 943 2948 tempore
957 2875 1139 2941 monstram,

147 2963 264 3025 Caecus
278 2965 430 3038 adulator,
444 2965 590 3046 dirusque
605 2984 623 3025 a
637 2887 732 3044 adite
747 2964 878 3039 satelles,
1106 2977 1152 3023 110

145 3062 268 3141 Dignus
281 3062 426 3124 Aricinos
440 3064 493 3144 qui
507 3063 698 3124 mendicaret
712 3063 751 3121 ad
766 3081 847 3136 axes,

145 3158 328 3240 Blandaque
343 3163 480 3243 doverae
494 3162 629 3242 jactaret
642 3160 728 3222 basia
741 3159 865 3219 rhedae.

146 3257 249 3318 Nemo
264 3259 363 3339 magis
377 3261 541 3320 rhombum
556 3260 696 3339 stupuit:
717 3277 789 3316 narn
804 3253 937 3336 plurima
951 3253 1031 3315 dixit

146 3352 185 3413 ln
198 3356 324 3416 laevum
339 3376 513 3429 conversus,
529 3366 561 3417 at
575 3357 620 3416 illi
635 3357 745 3415 dextra
759 3353 885 3434 jacebat
1106 3363 1152 3410 12⁰

145 3449 265 3512 Bellua.
308 3451 359 3512 Sic
372 3471 492 3532 pugnas
506 3453 611 3514 Oilicis
624 3451 772 3513 laudabat
787 3461 819 3511 et
832 3450 912 3512 ictus

146 3545 189 3609 Et
203 3567 317 3629 pegma
331 3555 363 3609 et
376 3568 489 3630 pueros
502 3547 576 3609 inde
591 3548 631 3609 ad
644 3549 760 3610 velaria
773 3556 888 3628 raptor.
