2604 4160
188 357 230 424 92
504 371 541 417 n.
557 368 660 417 runrr
681 367 891 416 ruvnnnme

187 539 350 612 Dimidios,
366 537 440 598 alias
454 536 547 596 facies
561 543 593 595 et
607 533 725 594 hiantia
738 532 837 612 ruptis

188 637 266 696 Ossa
279 635 375 714 genis,
389 634 498 713 plenos
512 632 671 693 oculorum
685 629 833 709 sanguine
847 649 977 711 pugnos.

187 733 309 792 Ludere
324 751 356 791 se
371 731 504 790 credunt
517 728 575 808 ipsi
589 736 694 788 tamen
708 735 740 786 et
754 727 886 804 pueriles

188 829 341 888 Exercere
356 827 445 900 acies,
461 825 544 906 quod
559 825 644 884 nulla
658 823 809 883 cadavera
823 825 958 884 calcent:
1162 837 1192 886 td

188 925 231 986 Et
245 945 317 986 sane
332 944 393 1004 quo
408 932 457 985 tot
470 922 599 982 rixantis
612 920 708 981 millia
723 919 830 980 turbae

173 1019 222 1086 'si
238 1023 348 1082 vivunt
363 1020 491 1083 omnes?
532 1017 616 1098 Ergo
632 1017 730 1078 acrior
744 1016 886 1096 impetus,
901 1028 934 1079 et
950 1019 1018 1097 jam

190 1121 272 1180 Saxa
285 1117 440 1180 inclinatis
453 1135 509 1198 per
523 1117 651 1175 humum
666 1113 804 1194 quaesita
819 1113 942 1176 lacertis

188 1216 346 1296 Incipiunt
361 1225 513 1293 torquere,
528 1211 698 1271 domestica
712 1209 857 1270 seditioni

188 1314 283 1386 Tela3
304 1331 360 1371 neo
374 1311 456 1370 hunc
470 1307 614 1388 lapidem,
629 1306 734 1385 quales
749 1314 781 1366 et
796 1307 919 1369 Turnus
932 1317 965 1369 et
979 1308 1073 1388 Ajax,
1161 1321 1194 1383 os

189 1410 251 1470 Vel
266 1429 326 1488 quo
341 1406 480 1485 Tydides
495 1401 645 1485 percussit
659 1403 795 1482 pondere
809 1423 918 1464 coxam

112 1505 116 1512 ’
188 1507 324 1578 Aeneae,
339 1503 393 1564 sed
408 1521 501 1582 quem
515 1501 640 1562 valeant
654 1499 797 1559 emittere
811 1500 938 1562 dextrae

189 1604 255 1665 Illis
270 1600 431 1662 dissimiles
445 1607 478 1658 et
491 1608 598 1658 nostro
612 1606 751 1675 tempore
766 1606 866 1656 natae.

189 1701 274 1762 Nam
288 1717 386 1780 genus
401 1697 460 1756 boo
474 1695 546 1755 vivo
556 1694 624 1774 jam
639 1693 836 1754 decrescebat
851 1691 1005 1778 Homer03

190 1798 286 1859 Terra
299 1796 397 1856 malos
412 1793 552 1854 homiues
566 1812 649 1854 nune
665 1791 777 1851 educat
791 1801 885 1871 atque
898 1792 1042 1872 pusillos:
1164 1807 1195 1854 ru

190 1896 274 1978 Ergo
290 1894 375 1968 deus,
392 1891 567 1972 quicunque
583 1889 711 1969 aspexit,
725 1888 806 1949 ridet
821 1898 853 1948 et
867 1889 942 1950 odit.

189 1993 221 2054 A
236 1990 420 2053 diverticulo
435 1997 593 2068 repetatur
606 1986 718 2048 fabula.
758 1985 930 2066 Postquam

191 2089 341 2151 Subsidiis
356 2087 440 2148 aucti
454 2107 524 2167 pars
540 2086 637 2147 altera
649 2104 790 2166 promere
804 2083 918 2144 ferrum

189 2188 298 2250 Audet
313 2195 345 2247 et
359 2186 477 2247 infestis
492 2204 628 2266 pugnam
642 2183 813 2243 instaurare
828 2181 965 2262 sagittis3

191 2285 293 2366 Terga
306 2284 380 2364 fuga
394 2282 486 2342 celeri
501 2281 729 2361 praestantibus
745 2280 896 2354 omnibus,
912 2280 1028 2340 instant
1165 2295 1195 2342 75

192 2381 254 2454 Qui
268 2382 370 2444 vicina
384 2382 491 2444 colunt
506 2381 666 2442 umbrosae
682 2380 822 2461 Tentyra
834 2381 964 2461 palmae.
1076 2395 1078 2398 ·
1106 2381 1115 2396 '

191 2479 320 2542 Labitur
333 2480 405 2543 hinc
420 2479 546 2561 quidam
561 2479 656 2539 nimia
670 2479 832 2540 formidine
847 2498 970 2539 cursum

191 2576 402 2657 Praecipitans
421 2578 618 2658 capiturque:
641 2587 689 2639 ast
701 2578 789 2639 illum
803 2578 835 2637 in
849 2577 981 2657 plurima
994 2584 1112 2637 sectum

191 2673 304 2734 Frueta
319 2683 352 2736 et
367 2675 540 2756 particulas,
555 2685 591 2736 ut
604 2675 711 2736 multis
726 2685 866 2737 mortuus
880 2693 960 2734 unus

192 2769 361 2845 sufficeret,
376 2780 479 2832 totum
493 2772 622 2833 corrosis
637 2771 756 2833 ossibus
772 2772 838 2833 edit

194 2865 315 2927 Victrix
328 2868 437 2943 turba3
458 2888 515 2929 neo
529 2869 651 2930 ardenti
665 2868 790 2930 decoxit
805 2889 881 2929 aeno

192 2963 423 3040 Autverubus3
444 2966 571 3045 longum
586 2984 682 3046 usque
699 2966 776 3026 adeo
791 2966 974 3046 tardumque
991 2963 1116 3044 putavit

192 3059 380 3140 Exspectare
395 3062 488 3136 focos,
503 3071 649 3123 contenta
664 3062 812 3122 cadavere
828 3063 931 3123 crudo.

193 3157 253 3218 Hic
268 3159 402 3238 gaudere
417 3158 494 3219 libet
509 3159 593 3238 quod
606 3179 669 3219 non
686 3159 849 3221 violaverit
862 3159 975 3238 ignem,

177 3253 295 3331 ,Quem
310 3275 429 3315 summa
443 3256 520 3316 caeli
534 3266 657 3334 raptum
672 3256 710 3316 de
725 3264 812 3335 parte
827 3255 1032 3316 Prometheus
1166 3269 1198 3315 85

194 3351 332 3411 Donavit
346 3351 443 3412 terris.
484 3351 649 3412 Elemento
663 3353 802 3431 gratulor
816 3363 848 3413 et
862 3362 893 3413 te
1180 3355 1184 3365 '

193 3446 358 3506 Exsultare
372 3467 448 3508 reor.
490 3448 553 3508 Sed
570 3448 622 3527 qui
634 3437 776 3508 ¹mordere
791 3449 923 3510 cadaver

195 3541 352 3602 Sustinuit
366 3543 410 3601 nil
424 3563 559 3622 unquam
573 3544 631 3604 hac
645 3564 736 3605 carne
751 3544 895 3605 libentius
909 3543 983 3604 edit.
