2604 4160
173 361 215 427 80
478 375 514 424 n.
529 377 633 426 aaran
654 375 859 426 uuvmmms

171 485 347 624 Rustieubb
358 507 552 640 (Exspectare
566 554 602 606 ut
616 545 733 605 nonsit
747 543 888 604 adultera
901 542 1021 624 Largae
1048 539 1050 546 ’
1148 557 1181 604 25

171 638 261 714 Filia,
275 659 353 719 quae
367 660 525 720 nunquam
538 649 695 702 maternos
710 641 812 700 dicere
826 641 970 701 moechos

172 738 251 799 Tam
266 736 329 798 cito
342 756 400 797 nec
414 747 504 799 tauto
517 738 632 818 poterit
647 747 811 799 contexere
825 757 916 798 cursu
991 769 1016 811 Γ

172 835 220 899 Ut
234 856 297 896 non
311 843 361 894 ter
373 834 476 895 decies
490 835 641 914 respiret?
657 890 662 898 ,
682 835 813 897 Conscia
827 834 919 895 matri
980 845 997 914 f

172 935 272 1015 Virgo
286 933 362 1008 suit3
384 952 468 993 ceras
483 951 565 992 nuuc
579 933 637 992 hae
652 932 789 993 dictante
803 932 930 1012 pusillas
947 931 968 962 ³

172 1031 295 1113 Implet,
309 1040 342 1093 et
356 1031 396 1090 ad
411 1029 574 1090 moechum
589 1028 644 1091 dat
659 1029 775 1090 eisdem
789 1029 868 1089 serre
882 1005 1054 1122 cinaedis.)
1150 1047 1183 1092 30

174 1130 225 1190 Sic
239 1139 350 1190 natura
365 1128 472 1208 jubet:
494 1127 629 1188 velocius
644 1137 676 1188 et
691 1127 780 1188 citius
794 1149 850 1189 uos

173 1227 384 1307 Corrumpunt
397 1224 546 1286 vitiorum
560 1226 701 1310 exempla
715 1225 892 1301 domestica,
906 1226 1025 1307 magnis
1047 1267 1050 1272 -

174 1323 278 1396 Quum
293 1324 426 1384 subeunt
440 1323 559 1384 animos
573 1323 755 1384 auctoribus
796 1323 889 1384 Unus
903 1332 935 1383 et
949 1324 1027 1384 alter

173 1421 319 1482 Forsitan
332 1422 409 1482 haec
423 1431 569 1502 spernant
586 1422 726 1501 juvenes,
742 1421 853 1502 quibus
867 1432 932 1482 arte
946 1421 1083 1502 benigna

173 1517 216 1579 Et
230 1518 356 1579 meliore
370 1519 437 1579 luto
452 1519 542 1580 finxit
556 1519 736 1600 praecordia
749 1521 860 1594 Titan3
1153 1538 1184 1582 35

176 1615 238 1677 Sed
252 1617 385 1697 reliquos
399 1617 546 1697 fugienda
559 1628 683 1697 patrum
697 1619 828 1698 vestigia
842 1618 968 1693 ducunt,
1189 1630 1211 1693 d

174 1714 217 1774 Et
231 1724 402 1776 monstrata
416 1715 470 1774 din
484 1717 598 1776 veteris
612 1717 708 1776 trahit
722 1717 822 1776 orbita
837 1717 953 1796 eulpae.

173 1811 341 1872 Abstineas
354 1812 451 1892 igitur
465 1813 665 1889 damnandis;
687 1815 779 1893 hujus
794 1815 873 1874 enim
890 1814 939 1874 vel

175 1908 250 1971 Una
262 1918 374 1989 potens
387 1911 467 1972 ratio
482 1921 537 1985 est,
552 1931 590 1972 ne
605 1912 734 1972 crimina
747 1921 853 1972 nostra
867 1920 1033 1992 sequantur

174 2004 225 2064 Ex
239 2006 327 2066 nobis
340 2008 457 2086 geniti:
480 2009 624 2088 quoniam
635 2008 754 2070 dociles
767 2008 925 2068 imitandis
1154 2028 1186 2073 40

175 2103 330 2182 Turpibus
345 2123 381 2163 ao
394 2106 496 2184 pravis
511 2126 617 2166 omnes
631 2125 744 2179 sumus,
759 2114 791 2166 et
807 2106 972 2166 Catilinam

176 2199 369 2280 Quocunque
384 2201 415 2260 in
429 2203 545 2282 populo
560 2203 674 2276 videas,
689 2223 872 2283 quocunque
887 2203 943 2262 sub
959 2223 1033 2278 axe;
1065 2193 1069 2198 ⁵
1109 2202 1111 2204 ’

177 2295 240 2356 sed
254 2314 312 2355 nee
326 2294 442 2356 Brutus
457 2297 515 2358 erit
530 2297 621 2358 Bruti
635 2317 693 2358 nec
707 2298 875 2359 avunculus
891 2317 1027 2378 usquam.

175 2389 231 2450 Nil
246 2389 331 2451 dictu
345 2390 470 2452 foedum
484 2391 612 2471 visuque
626 2393 702 2453 haec
716 2393 823 2453 limina
837 2402 947 2472 tangat
983 2395 986 2400 '

175 2484 263 2547 Intra
277 2505 355 2567 quae
369 2507 446 2567 puer·
460 2497 516 2548 est.
535 2467 671 2568 (Procul
685 2488 765 2562 hino,
779 2490 886 2568 procul
900 2488 973 2550 inde
986 2488 1109 2570 puellae
1133 2507 1186 2589 345

174 2581 337 2645 Lenonum
352 2594 507 2646 et'oantus
520 2586 732 2665 pernoctantis
746 2571 897 2679 parasiti.)
1123 2593 1150 2662 ῥ’

137 2633 167 2749 (
175 2680 313 2742 Maxima
327 2683 458 2744 debetur
470 2703 567 2764 puero
581 2675 783 2786 reverentia.)
804 2682 839 2743 Si
853 2681 927 2763 quid
1089 2673 1154 2752 35⁸³

139 2754 152 2801 l
176 2774 280 2860 Turpe
294 2800 390 2860 paras,
404 2801 443 2842 ne
457 2791 492 2843 tu
506 2781 593 2862 pueri
608 2781 827 2861 contempseris
842 2800 947 2856 annea,
1057 2777 1101 2872 5

177 2877 239 2938 Sed
254 2891 419 2958 peccaturo
435 2881 564 2942 obsistat
578 2881 636 2942 tibi
649 2880 729 2941 filius
744 2880 852 2940 infans.

176 2975 259 3038 Nam
275 2978 299 3037 si
314 2978 388 3059 quid
403 2979 532 3058 dignum
548 2978 690 3040 Censoris
704 2979 811 3039 fecerit
825 2978 870 3037 ira
1154 2995 1188 3041 50

177 3075 370 3156 Quandoque
387 3084 419 3136 et
433 3075 564 3136 similem
578 3075 635 3135 tibi
650 3095 682 3135 se
696 3096 758 3136 non
774 3093 900 3154 corpore
914 3082 1038 3135 tantum

176 3173 245 3234 Nec
259 3174 348 3233 vultu
363 3172 493 3246 dederit,
507 3191 627 3231 morum
642 3192 763 3252 quoque
777 3171 858 3231 filius
873 3180 905 3232 et
919 3171 972 3250 qui

178 3271 290 3330 Omnia
304 3268 439 3329 deterius
453 3278 508 3328 tua
521 3288 575 3348 per
589 3268 721 3348 vestigia
735 3277 851 3348 peccet,

178 3366 331 3446 Corripies
346 3365 488 3424 nimirum
504 3375 536 3424 et
551 3365 715 3444 castigabis
730 3366 839 3425 acerbo

178 3463 320 3522 Clamore
335 3480 370 3520 ac
383 3471 453 3541 post
466 3461 543 3521 haec
557 3462 678 3521 tabulas
691 3471 810 3524 mutare
824 3460 954 3540 parabis.
1152 3481 1187 3527 55

14 3609 15 3674 ᾖ
177 3557 273 3618 Unde
289 3557 347 3614 tibi
360 3557 492 3616 frontem
509 3557 745 3637 libertatemque
759 3557 895 3637 parentis
996 3604 998 3609 -
