2598 4170
509 425 646 476 SATIRA
668 428 704 475 X.

102 595 238 656 Didueit
253 596 394 675 scopulos
409 604 441 656 et
454 604 594 655 montem
608 594 724 673 rumpit
737 603 835 688 aceto.
873 573 947 690 dap.

101 694 124 754 J
126 714 177 752 arn
191 702 281 754 tenet
294 693 435 768 Italiam;
456 701 563 753 tamen
576 693 659 752 ultra
672 711 799 771 pergere
814 691 933 752 tendit:

103 797 122 827 “
132 789 278 864 Actum?
292 791 400 870 inquit,
417 797 434 826 ‘⁶
444 790 520 850 nihil
535 799 591 862 est,
605 789 664 848 nisi
679 789 786 848 Poeno
800 789 899 848 milite
913 798 1018 870 portas
1065 805 1111 850 155

102 887 293 966 Frangimus
308 897 340 946 et
353 887 456 947 media
471 886 618 946 vexillum
632 904 715 964 pono
730 881 964 988 Subur1·a.”dta7-

103 984 133 1044 Ο
149 984 249 1064 qualis
262 984 280 1043 f
295 985 355 1044 oies
370 995 402 1044 et
417 983 500 1063 quali
515 983 610 1061 digna
624 982 748 1057 tabella,
827 1045 832 1062 ‚

104 1080 214 1151 Quum
228 1079 276 1140 Ga
331 1081 362 1138 la
373 1081 486 1150 duoem
500 1087 638 1159 portaret
651 1079 754 1152 bellua
769 1080 887 1141 luseum
895 1063 1066 1157 ists-17]

102 1177 219 1237 Exitus
234 1196 307 1256 ergo
323 1177 390 1255 quis
405 1177 472 1236 est?
513 1175 541 1234 Ο
556 1169 672 1256 gloria!
691 1178 829 1239 vincitur
843 1178 926 1237 idem

102 1273 230 1351 Nempe
245 1283 277 1332 et
291 1267 326 1333 in¹
337 1273 477 1332 exsilium
492 1292 638 1353 praeceps
652 1274 732 1355 fugit
747 1283 840 1353 atque
854 1274 897 1334 ibi
913 1293 1043 1354 magnus
1065 1286 1111 1332 160

101 1369 330 1448 Mirandusque
344 1369 440 1430 eliens
454 1370 542 1430 sedet
558 1371 597 1429 ad
613 1371 767 1450 praetoria
781 1371 871 1456 regis,

103 1466 217 1526 Doneo
231 1466 369 1545 Bithyno
383 1467 478 1528 libeat
493 1468 620 1548 vigilare
635 1477 777 1547 tyranno.

101 1563 218 1624 Finem
232 1547 355 1644 animae
370 1583 447 1643 quae
462 1585 512 1625 res
526 1565 676 1625 humanas
690 1565 812 1628 miscuit
827 1565 901 1624 olim

101 1661 179 1722 Non
194 1661 299 1740 gladii,
314 1681 374 1720 non
390 1681 464 1721 saxa
478 1663 606 1737 dabunt,
621 1682 679 1722 neo
692 1663 772 1737 tela3
790 1663 843 1723 sed
859 1663 910 1722 ille

103 1759 284 1820 Cannarum
299 1759 415 1846 vindex
430 1768 462 1820 et
476 1761 557 1819 tanti
572 1760 730 1838 sanguinis
744 1760 828 1820 ultor

101 1855 258 1914 Annulus.
283 1853 325 1931 χΙ,
340 1857 474 1929 demens,
489 1864 521 1915 et
535 1874 643 1916 saevas
657 1876 743 1916 eune
758 1876 813 1935 per
825 1856 932 1936 Alpes,

102 1952 154 2014 Ut
168 1939 245 2030 puer
286 1953 408 2032 placeas
423 1962 454 2012 et
469 1953 653 2013 declamatio
667 1953 732 2014 fias.
840 2001 861 2051 Γ
895 1948 1040 2028 ΜΝ*

102 2049 197 2111 Unus
212 1973 338 2109 igme
347 2051 456 2129 juveni
471 2069 534 2110 non
549 2051 658 2110 suflicit
672 2051 770 2110 orbis:
788 2013 832 2079 ’ἃ
855 2026 899 2054 ψ

100 2146 242 2208 Aestuat
255 2135 362 2208 infelix
377 2157 507 2226 angusto
521 2146 619 2206 limite
632 2147 751 2222 mundi,
937 2177 942 2195 ι

102 2245 153 2307 Ut
169 2243 266 2324 Gyari
281 2244 401 2303 clausus
416 2245 549 2322 seopulis
563 2263 719 2324 parvaque
734 2244 863 2324 Seripho
874 2180 977 2332 :ff

102 2344 178 2416 Quu
226 2350 331 2402 tamen
347 2341 482 2420 arfigulis
496 2340 646 2414 munitam
660 2342 823 2402 intraverit
838 2344 954 2417 urbem,

102 2436 170 2503 Sar*
183 2461 201 2500 o
247 2455 305 2520 ago
321 2446 486 2498 contentus
501 2436 567 2497 erit.
607 2436 692 2498 Mors
707 2439 771 2498 sola
784 2421 910 2498 fatetur¹

102 2538 265 2612 Quantula
280 2537 342 2596 sint
357 2535 518 2594 hominum
532 2503 719 2612 oorlidiltula.
762 2535 904 2595 Creditur
917 2536 991 2596 olim

100 2635 289 2696 Velifieatus
303 2593 415 2708 diffie,
431 2641 463 2692 et
477 2629 626 2710 quidquid
642 2630 770 2691 Graecia
783 2632 918 2691 mendax

100 2733 212 2794 Audet
227 2733 259 2790 in
274 2731 419 2805 historia3
442 2736 632 2814 constratum
649 2728 795 2788 elassibus
808 2729 908 2788 isdem

102 2829 369 2910 suppositumque
384 2827 459 2887 rotis
474 2825 607 2886 solidum
622 2843 725 2898 mare3
746 2825 897 2885 oredimus
912 2826 991 2886 altos

100 2927 261 2987 Defeoisse
277 2943 382 2984 amnes
414 2916 547 3002 potaque
562 2921 689 2982 flumina
703 2920 798 2982 Medo
910 2957 913 2964 ,

101 3024 293 3096 Prandente,
309 3031 340 3082 et
389 3025 394 3080 ;
462 3021 487 3080 is
502 3029 608 3106 cantat
622 3039 700 3099 quae
716 3018 873 3081 Sostratus
887 3019 959 3108 alis,
998 3055 1006 3089 -,
1024 3062 1072 3113 ¹¹(

102 3120 162 3180 Ille
177 3128 283 3179 tamen
298 3117 397 3198 qualis
411 3116 675 3198 rediit-Salerni&
688 3116 803 3190 relicta,
866 3093 934 3164 app
945 3114 959 3138 ''
981 3110 985 3148 ¹
1032 3119 1037 3125 ’

102 3216 141 3276 In
158 3217 274 3286 Corum
289 3209 381 3294 atque
395 3213 513 3272 Eurum
528 3211 769 3274 solitus'saevire
783 3212 912 3292 flagellis

102 3313 270 3384 Barbarus,
285 3309 398 3370 Aeolio
414 3329 571 3389 nunquam
585 3311 644 3370 hoo
658 3311 690 3370 in
706 3330 826 3371 earcere
841 3329 954 3390 passos,

102 3413 212 3490 Ipsum
227 3397 426 3486 compedibus
440 3405 492 3485 qui
506 3407 649 3471 vinxerat
664 3406 734 3466 Enn
824 3407 934 3486 equl,

101 3505 215 3566 Mitius
229 3471 349 3563 iddare
364 3501 449 3582 quod
461 3523 524 3562 non
539 3512 571 3562 et
585 3501 730 3580 stigmate
745 3503 874 3584 dignum

104 3599 257 3664 Credidit.
298 3597 382 3659 Huio
396 3597 557 3677 quisquam
569 3599 664 3658 vellet
679 3599 791 3659 servire
806 3598 949 3660 deorum!
