2604 4160
505 360 641 409 SATIRA
663 361 741 409 xlv.

138 529 245 602 Quum
260 527 351 589 facias
365 527 471 607 pejora
484 547 587 606 senex,
601 547 793 607 vacuumque
808 527 933 590 cerebro

135 626 157 687 J
158 646 210 686 am
223 625 344 704 pridem
358 634 452 705 caput
466 625 525 685 hoc
539 634 669 686 ventosa
683 624 843 685 cucurbita
856 629 1006 705 quaerat?

178 721 313 801 Hospite
327 733 459 782 venturo
473 721 604 782 cessabit
618 741 710 780 nemo
724 730 857 782 tuorum.
964 751 977 772 a
996 742 1000 750 ·
1014 732 1017 748 ¹
1078 705 1082 714 ¹

42 859 68 905 J.-
84 840 86 851 ¹
101 817 121 836 ’”
137 818 267 878 “Verre
281 819 504 897 pavimentum,
518 817 634 878 nitidas
648 818 777 879 ostende
792 821 958 898 columnas,
999 889 1003 898 ,
1115 839 1147 885 oo

137 915 240 974 Arida
254 933 325 975 cum
339 923 407 974 tota
421 914 591 975 descendat
605 933 716 974 aranea
730 918 792 977 tela
802 927 822 993 p,
852 918 865 942 ⁶

138 1013 201 1073 Hie
215 1013 472 1092 leve-argentum,
486 1031 560 1071 vasa
574 1031 682 1092 aspera
695 1022 816 1096 tergeat
831 1016 934 1092 alter‚”

137 1110 213 1171 Vox
227 1103 345 1169 domini
358 1108 434 1168 furit
447 1081 591 1169 instabtis
606 1110 787 1194 virgamque
801 1103 944 1176 tenentis.

138 1208 225 1287 Ergo
239 1209 332 1269 miser
345 1208 483 1289 trepidas
497 1230 536 1270 ne
551 1220 685 1272 stercore
699 1212 790 1272 foeda
804 1213 914 1273 canino

139 1305 233 1366 Atria
247 1305 431 1386 displiceant
446 1307 542 1368 oculis
556 1308 709 1369 venientis
724 1309 822 1383 amici,

139 1402 209 1463 Nec
223 1403 345 1483 perfusa
359 1403 427 1486 luto
441 1403 482 1463 sit
495 1405 640 1486 porticus,
656 1407 703 1483 (et
717 1416 820 1466 tamen
836 1425 898 1466 uno

139 1499 289 1562 Semodio
303 1500 403 1561 scobis
417 1501 494 1562 haec
508 1503 652 1563 emendat
666 1504 804 1564 servulus
818 1506 921 1582 unns,)

44 1651 46 1659 ,
93 1609 101 1658 θ
139 1596 224 1658 Illud
238 1618 301 1658 non
317 1597 465 1678 agitasut
479 1618 551 1658 sano
587 1619 617 1658 m
631 1599 711 1660 filius
725 1600 809 1660 omni

139 1695 283 1776 Aspiciat
297 1695 363 1756 sine
378 1609 588 1757 dissuendi
602 1696 740 1776 vitioque
754 1706 919 1757 carentem.

140 1793 335 1878 Gratumest
350 1793 435 1871 quod
448 1791 566 1871 patriae
581 1793 679 1852 civem
694 1793 870 1873 populoque
885 1792 998 1854 dedisti
1118 1807 1149 1854 70

142 1891 176 1952 Si
190 1863 314 1950 facid'ut
328 1889 447 1969 patriae
461 1889 502 1949 sit
516 1888 654 1962 idoneus,
669 1889 752 1949 utilis
767 1891 857 1970 agris,

140 1987 239 2049 Utilis
254 1995 286 2047 et
299 1986 452 2046 bellorum
484 1993 498 2045 t
512 1985 596 2065 pacis
609 1986 701 2046 rebus
715 1987 851 2066 agendis.

140 2081 317 2142 Plurimum
331 2081 413 2141 enim
438 2101 459 2140 n
484 2081 568 2168 xrerit
583 2081 695 2160 quibus
716 2081 833 2141 artibus
847 2087 879 2141 et
894 2081 1004 2161 quibus
1018 2082 1101 2142 hunc
1113 2089 1149 2141 tu

140 2177 281 2236 Moribus
295 2175 448 2238 instituas.
490 2175 641 2254 Serpente
655 2175 773 2235 ciconia
786 2176 886 2255 pullos

141 2274 254 2335 Nutrit
268 2282 300 2334 et
313 2273 441 2334 inventa
454 2291 510 2352 per
524 2272 615 2332 devia
628 2291 698 2331 rura
712 2272 844 2346 lacerta3
1117 2287 1147 2333 75

141 2371 195 2431 Illi
209 2373 318 2431 eadem
332 2370 464 2451 sumptis
479 2377 631 2449 quaerunt
645 2368 788 2428 animalia
801 2368 912 2449 pinnis.

141 2468 260 2529 Vultur
275 2469 420 2549 jumento
434 2475 467 2527 et
481 2466 607 2526 canibus
622 2465 823 2546 crucibusque
837 2465 952 2528 relictis

141 2566 197 2626 Ad
211 2566 292 2626 fetus
305 2574 451 2646 properat
465 2574 648 2645 partemque
662 2563 819 2624 cadaveris
833 2564 929 2624 affert

142 2663 205 2724 Hic
220 2672 266 2724 est
281 2683 354 2744 ergo
369 2663 455 2724 cibus
468 2661 574 2742 magni
589 2679 710 2741 quoqne
724 2660 857 2720 vulturis
871 2670 903 2721 et
917 2680 950 2721 se

142 2759 313 2835 Pascentis,
327 2760 450 2840 propria
465 2779 560 2841 quum
576 2759 643 2838 jam
658 2756 731 2817 facit
745 2757 852 2838 arbore
866 2757 965 2817 nidos.
1118 2771 1150 2818 80

143 2858 207 2918 Sed
221 2859 358 2938 leporem
373 2866 426 2918 aut
441 2876 582 2935 capream
596 2854 728 2914 famulae
742 2852 764 2913 J
766 2853 832 2914 ovis
846 2862 878 2914 et
891 2872 1057 2934 generosae

142 2952 181 3015 In
196 2956 276 3016 saltu
291 2964 444 3015 venantur
458 2971 549 3028 aves3
568 2953 641 3014 hinc
654 2951 769 3033 praeda
783 2949 877 3011 cubili

141 3051 294 3113 Ponitur:
314 3051 387 3110 inde
403 3060 515 3124 antem,
530 3071 625 3130 quum
639 3070 672 3128 se
686 3058 808 3110 matura
821 3047 938 3108 levabit

142 3147 313 3228 Progenies
327 3146 506 3207 stimulante
519 3147 609 3220 fame,
622 3146 749 3208 festinat
764 3146 803 3206 ad
817 3145 902 3205 illam

143 3244 247 3317 Quam
260 3243 395 3325 primum
408 3243 553 3323 praedam
567 3252 660 3321 rupto
672 3252 855 3323 gustaverat
869 3260 937 3302 ovo.
1118 3256 1149 3301 85

183 3341 375 3400 Aedificator
390 3347 455 3399 erat
470 3340 641 3413 Oetronius,
655 3349 687 3398 et
702 3340 795 3400 modo
810 3359 904 3401 curvo

143 3437 250 3499 Litore
265 3436 400 3510 Caietae,
415 3455 534 3496 summa
547 3455 629 3494 nuno
644 3435 767 3496 Tiburis
782 3455 859 3510 arce,

143 3535 239 3595 Nunc
253 3531 462 3593 Praenestinis
475 3531 508 3590 in
522 3532 678 3592 montibus
693 3532 757 3591 alta
769 3533 899 3612 parabat

639 3646 654 3693 6
