2604 4160
517 382 655 432 SATIBA
676 383 739 432 XV.

119 551 336 633 Nam-scelere
350 551 382 610 in
395 559 485 611 tanto
499 569 539 610 ne
554 569 682 630 quaeras
696 558 728 610 et
742 547 865 609 dubites
879 566 918 609 an

118 640 231 707 Prima
245 647 438 726 voluptatem
454 648 527 726 gula
541 647 688 720 senserit3
709 646 836 706 ultimus
851 654 956 706 autem
1097 663 1128 708 9⁰

121 745 189 817 Qui
204 744 291 804 stetit
307 745 470 823 absumpto
479 744 545 822 jam
560 753 630 804 toto
644 762 779 821 corpore,
794 741 896 802 ductis
1009 782 1013 790 ·

120 841 187 900 Per
201 849 315 900 terram
330 840 444 920 digitis,
459 839 575 919 aliquid
591 839 630 898 de
645 838 794 918 sauguine
808 848 923 920 gustat.

121 937 293 1010 Vascones,
307 938 383 997 haee
397 937 478 996 fama
492 944 549 1010 est,
565 935 719 996 alimentis
733 936 847 997 talibus
861 939 936 999 olim

120 1031 305 1094 Produxere
320 1033 455 1106 animas;
475 1032 530 1092 sed
544 1051 593 1092 res
607 1032 737 1106 diversa,
752 1034 806 1093 sed
821 1034 885 1096 illio

120 1115 283 1190 Fortunae
297 1130 414 1188 invidia
429 1138 477 1188 est
491 1129 703 1208 bellorumque
719 1131 837 1206 ultime,
852 1151 939 1194 casus
1096 1148 1128 1194 95

121 1226 275 1300 Extremi,
290 1226 401 1305 longae
416 1226 482 1284 dira
497 1224 666 1285 obsidionis
680 1237 810 1307 egestas.

121 1323 227 1401 Hujus
242 1323 323 1382 enim
339 1323 423 1402 quod
437 1339 520 1382 nunc
535 1322 637 1401 agitur
650 1311 822 1386 miserabile
837 1326 930 1386 debet

121 1419 311 1497 Exemplum
326 1438 392 1478 esse
407 1418 484 1492 oibi;
505 1418 693 1482 sicutmodo
707 1423 878 1482 dictamihi
892 1443 969 1504 gens

121 1518 204 1578 Post
218 1534 325 1576 omnes
339 1515 456 1588 herbas,
473 1524 545 1594 post
559 1526 671 1578 cuncta
684 1519 834 1594 animalia,
850 1521 1001 1600 quidquid

122 1612 267 1692 Cogebat
280 1611 370 1671 vacui
384 1613 502 1673 ventris
517 1613 608 1688 furor,
622 1615 762 1675 hostibus
775 1616 849 1694 ipsis
1083 1632 1128 1676 100

120 1709 282 1770 Pallorem
300 1727 336 1769 ao
350 1709 480 1768 maciem
496 1720 528 1770 et
542 1719 651 1771 tenues
665 1711 881 1772 miserantibus
895 1722 989 1787 artus,

120 1805 267 1866 Membra
282 1805 382 1864 aliena
396 1805 477 1866 fame
491 1806 666 1868 lacerabant
681 1827 745 1868 esse
759 1810 859 1888 parati

120 1903 168 1963 Et
183 1921 247 1962 sua.
284 1901 435 1974 Quisnam
449 1904 610 1964 hominum
624 1905 748 1964 veniam
761 1906 843 1981 dare,
858 1907 965 1986 quisve
980 1908 1108 1969 deorum

121 2001 254 2062 Viribus
270 2001 412 2061 abnuerit
428 2001 494 2060 dira
511 2009 604 2080 atque
618 2001 763 2061 immania
776 2004 881 2082 passis,

122 2098 169 2160 Et
184 2099 295 2179 quibus
310 2081 434 2159 illorum
447 2106 591 2176 poterant
605 2097 763 2176 ignoscere
777 2118 883 2160 manes
1082 2116 1128 2160 105

123 2199 268 2270 Quorum
283 2195 460 2276 corporibus
474 2194 700 2254 vescebantur?
740 2194 852 2255 Melius
866 2215 925 2257 nos
1037 2257 1044 2271 „

122 2296 260 2357 Zenonis
275 2301 440 2375 praecepta
455 2299 601 2364 monent;
622 2310 679 2350 nec
693 2291 775 2351 enim
792 2293 904 2365 omnia,
918 2292 1069 2371 quaedam

121 2395 190 2456 Pro
204 2395 269 2456 vita
283 2391 423 2454 facienda
437 2397 537 2469 putat.
580 2387 643 2448 Sed
659 2387 813 2458 Cantaber
826 2390 908 2447 unde

124 2492 259 2565 Stoicus,
273 2489 393 2568 antiqui
408 2484 589 2566 praesertim
604 2493 705 2544 aetate
720 2483 862 2544 Metelli?

123 2590 159 2649 N
160 2611 220 2650 uno
234 2600 318 2652 totus
330 2589 437 2650 Graias
452 2595 634 2663 nostrasque
648 2582 741 2642 habet
756 2581 836 2641 orbis
850 2583 1000 2644 Athenas.
1083 2599 1129 2645 110

123 2687 227 2747 Gallia
241 2686 409 2747 causidicos
425 2684 531 2745 docuit
546 2671 679 2741 facunda
692 2677 866 2750 Britannos,

122 2783 175 2844 De
191 2785 390 2846 conducendo
404 2784 541 2864 loquitur
550 2783 617 2864 jam
633 2777 755 2836 rhetore
769 2775 878 2836 Thule·

122 2879 249 2940 Nobilis
262 2881 313 2948 ille
328 2890 431 2941 tamen
447 2881 580 2960 populus
595 2897 687 2959 quem
704 2872 844 2947 diximus,
859 2882 891 2934 et
904 2893 960 2954 par

123 2977 254 3038 Virtute
269 2986 362 3057 atque
376 2978 437 3037 fide
452 2978 506 3037 sed
521 2978 620 3057 major
635 2975 722 3035 clade
739 2970 895 3050 Saguntos

123 3071 203 3132 Tale
218 3074 291 3152 quid
307 3081 442 3134 excusat.
483 3073 641 3134 Maeotide
656 3071 776 3133 saevior
790 3087 843 3127 ara

122 3169 310 3249 Aegyptus3
332 3170 445 3248 quippe
459 3170 512 3228 illa
526 3171 650 3230 nefandi
666 3171 796 3230 Taurica
811 3164 888 3227 sacri

123 3264 289 3326 Inventrix
302 3265 442 3324 homines
460 3266 510 3342 (ut
518 3267 585 3347 jam
599 3287 677 3346 quae
692 3267 826 3328 carmina
841 3263 969 3326 tradunt

124 3361 232 3441 Digna
245 3361 307 3420 fide
322 3361 442 3440 eredas)
459 3370 581 3422 tantum
594 3363 742 3436 immolat,
758 3365 886 3425 ulterius
900 3363 944 3424 nil
1040 3399 1042 3404 ·

123 3459 194 3518 Aut
208 3457 333 3538 gravius
348 3457 447 3517 cultro
461 3457 552 3519 timet
565 3460 675 3520 hostia.
717 3460 794 3532 Quis
810 3463 904 3522 modo
918 3481 1006 3523 casus

124 3554 257 3635 Impulit
270 3553 350 3613 hos?
371 3571 449 3632 quae
463 3560 551 3614 tanta
564 3555 659 3615 fames
673 3556 843 3637 infestaque
857 3559 940 3619 vallo
1082 3571 1128 3618 120
