2598 4170
80 577 84 581 -
146 541 208 602 Ille
223 539 315 601 metit
328 538 466 613 barbam,
481 525 662 598 crinern'hic
677 534 716 594 de
739 533 805 594 cuit
819 531 933 606 amati3
969 529 977 540 ”
1010 547 1084 652 m
1115 591 1122 608 ,

147 637 249 698 Plena
262 637 372 697 domus
385 634 456 695 libis
470 604 648 731 1411111111
821 636 854 687 et
866 627 952 688 istud

147 735 352 795 Fermentum
365 731 424 792 tibi
437 709 536 790 hdbe:
556 736 712 809 praestare
727 725 843 786 tributa
857 723 984 784 clientes

150 833 301 912 Cogimur
314 839 346 891 et
361 827 452 890 cultis
467 845 580 906 augere
594 824 717 904 peculia
730 842 797 884 seri
799 842 834 882 1s

192 929 270 1001 Quis
283 928 374 988 timet
387 934 442 986 aut
456 922 563 984 timuit
576 921 680 1001 gelida
694 919 862 978 Praeneste
876 917 997 976 ruinam
1111 927 1158 974 100

149 1029 220 1086 Aut
232 1026 341 1105 positis
354 1041 517 1085 nemorosa
530 1020 613 1080 inter
628 1018 708 1097 juga
721 1015 880 1088 Volsiniis,
894 1022 949 1074 aut

152 1122 349 1201 Simplicibus
364 1121 478 1195 Gabiis,
493 1127 546 1179 aut
559 1135 650 1196 proni
641 1113 787 1173 Tiburis
802 1111 895 1172 arce?

151 1219 221 1278 Nos
234 1218 343 1278 urbem
356 1217 485 1278 colimus
497 1215 585 1276 tenui
599 1211 682 1274 tibi'
676 1231 726 1271 me
738 1210 849 1270 fultam

151 1314 270 1394 Magna
283 1323 372 1394 parto
386 1313 452 1388 sui3
472 1333 545 1373 nam
560 1311 603 1372 sic
615 1232 791 1464 laifrfflpus
806 1261 942 1367 obftff

152 1411 286 1472 Villicus
300 1420 333 1472 et
346 1402 460 1472 veteris
473 1411 569 1470 rimae
583 1406 724 1468 contexit
759 1404 896 1478 iatum,

154 1509 285 1569 Securos
287 1509 456 1665 cpipppiente
468 1508 560 1588 jubet
574 1505 707 1566 dormire
721 1503 819 1562 ruina.

123 1570 303 1667 ”Vliielidu
368 1605 476 1666 stillio
491 1605 542 1664 ubi
557 1604 641 1664 nulla
654 1600 806 1673 incendia,
821 1596 899 1658 nulli

153 1703 258 1764 Nocte
272 1711 383 1763 metus.
422 1702 444 1763 J
446 1722 496 1762 am
509 1701 609 1782 poscit
623 1719 742 1779 aquam,
753 1699 822 1778 jam
836 1695 947 1756 frivola
960 1693 1105 1754 transfert

153 1799 316 1880 Ucalegon
329 1819 337 1874 ;
358 1799 497 1860 tabulata
511 1798 569 1858 tibi
577 1798 643 1876 jam
657 1797 750 1857 tertia
764 1795 885 1854 fumant
897 1812 905 1866 ;

154 1897 205 1957 Tu
219 1896 317 1958 nescis
331 1917 338 1956 :
358 1916 430 1956 nam
445 1897 470 1956 si
483 1895 630 1975 gradibus
643 1894 817 1973 trepidatur
831 1894 870 1954 ab
884 1892 962 1968 imis,
1112 1903 1158 1950 200

154 1993 296 2055 Ultimus
310 1993 430 2054 ardebit
445 2013 537 2071 quem
551 1992 656 2070 tegula
670 1992 735 2051 sola
748 2000 856 2052 tuetur

154 2092 187 2150 A
201 2089 314 2170 pluvia,
328 2089 437 2152 molles
450 2089 504 2149 ubi
517 2089 653 2149 reddunt
667 2108 726 2148 ova
740 2088 909 2149 columbae.

154 2186 269 2246 Lectus
284 2195 350 2246 erat
366 2186 468 2248 Codro
482 2173 615 2246 Procula
626 2151 738 2258 aditur,
752 2186 867 2246 urceoli
882 2207 965 2261 sex,

156 2284 200 2344 Or
224 2291 382 2342 amentum
396 2281 499 2356 abaci3
519 2301 576 2342 nec
590 2302 652 2342 non
667 2291 699 2342 et
713 2283 860 2362 parvulus
873 2284 953 2343 infra

295 2399 331 2438 us
345 2387 377 2438 et
390 2378 540 2438 recubans
554 2379 610 2438 rub
625 2380 702 2439 code
885 2379 1052 2453 eOhirou3
1111 2393 1159 2438 205

155 2477 286 2555 Jamque
301 2476 540 2666 veMraecos
554 2477 696 2537 servabat
768 2477 929 2560 {lylibellos

155 2573 198 2633 Et
213 2573 318 2632 divina
425 2572 577 2633 rodebant
591 2575 726 2636 carmina
740 2595 850 2636 murmes

155 2671 211 2730 Nil
225 2669 334 2730 habuit
349 2669 484 2730 Codrus:
507 2669 575 2749 quis
589 2671 672 2731 enim
686 2674 805 2752 negat?
827 2681 977 2732 ettamen
992 2669 1070 2729 illud

156 2766 299 2826 Perdidit
312 2765 419 2826 infelix
433 2774 535 2827 totum
549 2768 645 2830 nihil:
668 2770 796 2830 ultimus
810 2778 914 2830 autem

156 2865 333 2923 Aerumnae
348 2864 496 2976 cumulus,
512 2867 596 2944 quod
611 2867 730 2927 nudum
746 2875 777 2926 et
792 2867 959 2926 fiustatr
903 2872 1066 2945 rogantem
1113 2876 1159 2922 210

157 2959 259 3020 Nemo
274 2929 414 3034 cibo,
366 2977 457 3020 nemo
472 2961 606 3042 hospitio
622 2973 767 3042 tectoque
782 2965 840 3042 juv
843 2963 915 3023 abit.

158 3055 191 3116 Si
209 3075 324 3135 magna
336 3056 474 3118 Asturici
490 3060 602 3120 cecidit
618 3060 737 3133 domus,
751 3059 875 3120 horrida
888 3066 997 3131 mater,

156 3150 273 3210 Pullati
286 3171 435 3260 proceres,
451 3154 554 3213 differt
568 3154 746 3214 vadimonia
758 3161 901 3233 praetor3

155 3246 242 3306 Tunc
256 3247 409 3326 gemimus
424 3270 511 3310 casus
526 3249 630 3324 Urbis,
644 3259 719 3310 tunc
734 3249 877 3310 odimus'
868 3269 982 3329 ignem.

156 3341 256 3403 Ardet
271 3345 373 3406 adhuc
387 3357 420 3406 et
432 3347 499 3426 jam
514 3347 644 3407 accurrit
659 3347 712 3426 qni
726 3365 878 3406 marmora
892 3346 997 3418 donet,
1010 3373 1024 3435 1
1113 3358 1159 3403 215

157 3440 325 3502 Conferat
317 3461 479 3522 rmpensas.
521 3442 583 3504 Hic
597 3444 680 3503 nuda
695 3452 727 3503 et
741 3442 911 3504 candida
889 3456 1025 3521 rigna,
1058 3429 1106 3528 ¹¹(

156 3534 216 3598 Hic
231 3539 347 3618 aliquid
361 3538 551 3618 praeclarum
564 3538 775 3620 Euphranoris
790 3549 823 3602 et
836 3536 998 3618 Polycleti,
