2604 4160
489 365 524 412 D.
542 364 645 413 JUNII
668 365 871 416 JUVENALIS

528 1179 691 1242 SATIRA
718 1180 809 1244 XVI.

252 1390 326 1454 UIS
341 1410 502 1451 numerare
518 1401 611 1471 queat
625 1391 722 1454 felicis
736 1395 880 1474 praemia,
895 1394 992 1470 Galle,

279 1487 434 1548 Militiae?
475 1487 569 1560 Quod
583 1489 609 1548 si
624 1489 795 1550 subeuntur
809 1511 953 1572 prospera
968 1502 1077 1566 castra,

168 1587 220 1647 Me
234 1585 383 1667 pavidum
397 1585 532 1664 excipiat
544 1585 677 1646 tironem
691 1597 781 1666 porta
795 1589 930 1648 secundo

169 1685 285 1746 Sidere.
326 1682 402 1742 Plus
417 1681 533 1742 etenim
547 1682 603 1742 fati
617 1684 702 1743 valet
717 1685 792 1744 hora
806 1686 940 1764 benigni,

168 1781 270 1854 Quam
285 1779 381 1840 sinos
395 1778 527 1838 Veneris
542 1780 739 1840 commendet
754 1781 884 1860 epistola
898 1782 993 1842 Marti
1162 1801 1177 1844 5

167 1879 211 1938 Et
225 1876 329 1938 Samia
343 1875 570 1956 genitrixquae
587 1877 761 1938 delectatur
776 1897 875 1939 arena

209 1972 381 2036 Commoda
396 1981 562 2032 tractemus
577 1973 711 2052 primum
726 1976 909 2050 communia,
920 1995 1049 2055 quorum

168 2072 263 2133 Haud
277 2070 439 2131 minimum
453 2068 530 2128 illud
546 2070 613 2143 erit,
629 2090 668 2130 ne
682 2081 715 2131 te
728 2074 849 2151 pulsare
864 2081 989 2153 togatus

167 2170 313 2244 Audeat3
334 2168 428 2228 immo
443 2166 503 2228 etsi
517 2166 665 2247 pulsetur,
681 2167 852 2229 dissimulet
866 2189 923 2230 nec

167 2270 295 2331 Audeat
309 2287 453 2327 excussos
468 2264 609 2325 Praetori
625 2266 786 2326 ostendere
802 2265 919 2340 dentes,

167 2367 211 2427 Et
224 2367 345 2448 nigram
359 2365 391 2426 in
406 2364 482 2425 facie
497 2362 624 2423 tumidis
638 2363 785 2423 livoribus
799 2364 899 2439 offam,

167 2466 275 2545 Atque
289 2466 411 2527 oculum
426 2463 546 2526 medico
562 2461 604 2521 nil
619 2461 819 2540 promittente
833 2461 982 2522 relictum

169 2562 337 2623 Bardaicus
347 2563 446 2642 judex
461 2561 553 2620 datur
567 2560 644 2619 baec
657 2557 765 2637 punire
781 2558 897 2618 volenti

170 2662 297 2723 Calceus
312 2672 344 2722 et
358 2661 492 2740 grandes
506 2678 620 2740 magna
635 2656 673 2716 ad
690 2655 832 2715 subsellia
846 2674 942 2729 surae,

168 2758 304 2839 Legibus
318 2757 451 2837 antiquis
467 2766 635 2818 castrorum
652 2763 684 2815 et
697 2770 783 2813 more
799 2751 921 2811 Camilli
980 2755 982 2760 '

170 2855 308 2929 Servat0‚
323 2855 410 2914 miles
425 2873 464 2914 ne
479 2854 594 2914 vallum
611 2852 713 2932 litiget
728 2858 816 2910 extra

169 2953 212 3013 Et
226 2954 333 3033 procul
348 2972 366 3012 a
379 2951 484 3031 signis.
526 2949 704 3012 Justissima
721 2947 945 3010 centurionum

170 3049 315 3130 Cognitio
330 3057 377 3109 est
391 3048 487 3129 igitur
498 3047 537 3107 de
552 3047 669 3122 milite;
690 3067 747 3108 nec
762 3046 838 3106 mihi
853 3045 951 3105 deerit

169 3147 260 3210 Ultio
275 3146 299 3207 si
309 3145 413 3226 justae
429 3144 567 3205 defertur
582 3163 673 3204 causa
688 3145 838 3224 querelae.

170 3243 251 3303 Tota
266 3243 375 3303 cohors
388 3250 492 3302 tamen
509 3250 556 3302 est
570 3239 703 3314 inimica,
719 3262 885 3322 omnesque
900 3241 1029 3321 manipli

170 3341 330 3403 consensu
345 3357 458 3416 magno
474 3337 609 3398 efficiunt
625 3337 767 3398 curabilis
782 3347 817 3398 ut
832 3339 873 3398 sit

170 3436 321 3496 Vindicta
335 3435 458 3515 gravior
473 3453 565 3512 quam
579 3432 699 3512 injuria.
740 3435 880 3514 Dignum
895 3435 954 3497 erit
968 3454 1041 3516 ergo

172 3530 395 3590 Declamatoris
410 3529 527 3588 mulino
541 3529 633 3590 eorde
648 3529 782 3610 Vagelli‚
