2598 4170
164 292 206 356 66
440 289 443 296 ’
468 311 504 357 1).
528 311 631 360 nourr
652 311 860 360 Juvnuanrs

162 473 205 534 Et
219 475 361 536 miserere
376 476 487 537 iterum
499 498 506 552 ;
529 497 704 558 quanquam
718 479 780 537 sint
794 487 897 538 cetera
911 476 1011 558 sortis¹
1133 495 1168 542 25

162 571 330 651 Ejusdem3
351 592 421 652 pars
436 574 503 634 dira
517 575 642 654 quidem
656 574 710 634 sed
726 573 851 652 cognita
865 573 979 649 multis,

161 667 204 728 Et
219 688 310 747 quam
325 670 430 730 votiva
444 680 598 731 testantur
611 673 682 730 fana
696 670 811 731 tabella
856 723 859 728 .

161 762 308 823 Plurima
349 763 489 824 Pictores
503 766 571 844 quis
584 766 683 852 nescit
698 765 736 825 ab
750 764 833 824 Iside
847 766 955 845 pasci?

160 859 285 920 Accidit
300 869 331 921 et
346 871 452 920 nostro
467 862 572 921 similis
586 863 710 922 fortuna
724 862 857 923 Catullo.

160 956 264 1028 Quum
280 957 387 1034 plenus
401 957 496 1017 fluctu
512 957 632 1018 medius
645 958 725 1018 foret
740 960 845 1020 alveus
859 969 892 1022 et
907 960 974 1040 jam
1134 978 1168 1026 30
1280 993 1281 998 “

159 1054 325 1114 Alternum
339 1055 451 1134 puppis
465 1056 546 1116 latus
561 1057 773 1119 evertentibus
786 1059 878 1120 undis

159 1151 289 1224 Arboris
304 1151 438 1212 incertae
453 1153 568 1212 nullam
583 1154 749 1232 prudentia
763 1156 832 1217 cani

159 1247 303 1310 Rectoris
317 1249 469 1309 conferret
485 1270 583 1328 opem,
599 1251 740 1314 decidere
756 1254 844 1334 jactu

161 1337 272 1426 Coepit
287 1367 357 1406 cum
372 1329 635 1428 ventisQnitatus
650 1360 777 1424 castora,
791 1352 842 1430 qui
858 1371 890 1412 se

159 1443 345 1504 Eunuchum
359 1443 423 1523 ipse
438 1443 511 1504 facit
526 1445 652 1524 cupiens
667 1449 797 1508 evadere
812 1449 925 1508 damno
1134 1465 1166 1510 35

159 1539 325 1615 Testicnli;
346 1541 425 1600 adeo
438 1542 628 1603 medicatum
641 1543 787 1624 intelligit
800 1533 958 1625 inguen.)

159 1637 321 1698 “Fundite
337 1659 415 1718 quae
431 1659 500 1700 mea
514 1639 612 1714 sunt,⁷’
628 1641 758 1715 dicebat,
773 1649 789 1678 ‘⁴
801 1641 936 1716 cuncta,”
953 1642 1104 1718 Catullus,

159 1736 368 1816 Praecipitare
382 1736 490 1796 volens
506 1738 599 1797 etiam
613 1739 825 1817 pulcherrima,
840 1749 959 1799 vestem

159 1833 350 1912 Purpuream
365 1833 478 1894 teneris
494 1854 615 1914 quoque
629 1835 862 1896 Maecenatibus
878 1845 989 1914 aptam,

159 1931 264 2010 Atque
279 1929 354 1990 alias
368 1950 498 2010 quarum
512 1932 653 2010 generosi
666 1932 812 2012 graminis
826 1932 926 2010 ipsum
1132 1947 1168 1993 40
1280 1925 1281 1940 ¹

86 2075 88 2078 -
140 2057 143 2064 ¹
158 2028 270 2090 Infecit
284 2036 395 2087 natura
409 2048 510 2107 pecus
526 2028 580 2088 sed
595 2036 627 2088 et
641 2029 782 2108 egregius
795 2027 864 2090 fons

158 2126 286 2187 Viribus
301 2126 430 2187 occultis
444 2135 477 2186 et
491 2125 636 2203 Baeticus
651 2125 779 2204 adjuvat
793 2145 853 2186 aer.

158 2221 216 2296 IUe
231 2243 288 2284 nec
303 2232 466 2304 argentum
480 2221 644 2282 dubitabat
657 2222 788 2296 mittere,
803 2224 906 2283 lances

108 2345 110 2348 ·
159 2320 327 2381 Parthenio
341 2320 446 2394 factas,
461 2339 556 2378 urnac
570 2327 689 2378 cratera
702 2339 846 2398 capacem

159 2418 202 2478 Et
216 2417 345 2498 dignum
359 2417 483 2478 sitiente
499 2416 600 2476 Pholo
615 2415 667 2475 vel
680 2415 811 2494 conjuge
826 2415 938 2490 Fusci;
987 2464 989 2468 Α
1033 2405 1035 2410 ’
1132 2431 1166 2477 45

158 2515 253 2576 Adde
267 2524 299 2575 et
312 2515 481 2575 bascaudas
495 2521 528 2574 et
542 2512 626 2572 mille
642 2512 761 2586 escalia,
775 2513 909 2572 multum

160 2611 278 2673 caelati
292 2611 413 2672 biberat
427 2632 488 2693 quo
503 2611 633 2672 callidus
648 2617 770 2688 emptor
784 2608 923 2688 Olynthi.

160 2709 222 2769 Sed
237 2710 304 2788 quis
318 2729 401 2770 nuno
416 2709 493 2770 alius
507 2727 568 2788 qua
581 2707 690 2767 mundi
704 2714 801 2786 parte,
816 2706 883 2784 quis
898 2705 992 2767 audet

86 2877 88 2882 Ι
159 2806 301 2886 Argento
316 2805 466 2885 praeferre
481 2813 580 2886 caput·
589 2805 742 2882 rebusque
756 2802 911 2863 salutem?

159 2903 233 2963 Non
247 2912 374 2982 propter
386 2903 484 2962 vitam
498 2902 614 2962 faciunt
628 2899 814 2982 patrimonia
828 2898 962 2978 quidam,
1133 2914 1167 2960 50

160 3000 222 3060 Sed
237 2999 315 3059 vitio
329 2998 411 3059 caeci
425 3008 551 3078 propter
563 2997 748 3078 patrimonia
762 2996 882 3057 vivunt.
897 3077 899 3082 Α

159 3097 180 3157 J
182 3104 303 3156 notatur
316 3115 417 3155 rerum
432 3095 555 3155 utilium
569 3113 638 3174 pars
652 3095 802 3168 maxima3
824 3093 878 3152 sed
893 3111 951 3152 nec

159 3193 283 3252 Damna
297 3192 410 3252 levant.
451 3191 540 3252 Tunc
555 3191 689 3251 adversis
705 3191 885 3270 urgentibus
897 3189 971 3249 illuc

160 3289 286 3348 Decidit
301 3296 336 3347 ut
349 3288 465 3350 malum
478 3287 558 3348 ferro
573 3287 795 3360 summitteret;
816 3287 921 3348 haere
965 3275 967 3280 ⁵

160 3383 305 3463 Explicat
320 3393 503 3462 angustum3
524 3383 706 3444 discriminis
721 3383 829 3442 ultima
843 3383 968 3462 quando
1135 3399 1169 3444 55

161 3479 320 3540 Praesidio
334 3480 486 3540 afferimus
499 3499 610 3541 navem
624 3481 743 3540 factura
755 3479 914 3539 minorem.
