2598 4170
523 373 659 422 snrrnA
677 375 762 424 vm.
1100 359 1142 426 45

128 489 277 621 Ei'ffiffil
286 549 319 602 et
332 509 414 602 seius
429 541 638 621 trepidantem
652 541 790 621 protegit
804 541 945 617 Urbem3
1095 557 1143 604 250

129 637 242 717 Atque
254 638 335 713 ideo,
350 647 516 718 postquam
530 638 570 698 ad
613 637 726 698 'mbros
741 646 937 717 stragemque
951 637 1098 700 volabaut

131 733 198 805 Qui
212 754 373 814 nunquam
386 735 555 814 attigerant
701 735 855 797 cadavera
866 733 961 810 corvi,

131 828 258 890 Nobilis
272 841 401 891 ornetur
414 831 501 891 lauro
515 819 634 910 eolle'ga
648 830 793 890 secunda.
874 813 948 834 ''-

131 907 280 986 Plebeiae
294 921 462 987 Deciorum
477 917 606 1001 eniinae,
620 915 742 1006 plebeia
755 904 882 988 fuerunt

131 1022 290 1083 Nomina:
310 1043 367 1102 pro
380 1023 456 1084 totis
469 1023 643 1104 legionibus
656 1021 690 1082 hi
703 1033 809 1086 tamen
823 1034 856 1085 et
869 1043 927 1104 pro

132 1118 288 1179 Omnibus
303 1119 423 1180 auxiliis
438 1129 534 1200 atque,
545 1119 629 1180 omni
643 1119 725 1198 pube
740 1119 852 1182 Latina

133 1203 298 1274 Sufficiunt
313 1215 360 1275 (lis
374 1215 500 1275 infernis
507 1214 688 1295 Terraeque
702 1217 844 1296 parenti3
1013 1270 1016 1276 .

118 1279 238 1467 &luris
252 1311 334 1371 enim
347 1311 438 1372 Deoii
452 1331 544 1391 quarn
559 1331 637 1392 quae
652 1322 815 1375 servantur
829 1314 868 1374 ab
881 1219 966 1382 illis)

166 1407 259 1467 neilla
272 1417 365 1468 natus
379 1408 518 1470 trabeam
532 1417 565 1470 et
579 1409 722 1470 diadema
738 1410 859 1484 Quirini

131 1504 177 1564 Et
192 1504 288 1564 fesoes
335 1495 546 1586 emitregum
562 1507 688 1568 ultimus
702 1507 754 1569 ille
768 1508 929 1569 bonorum.
962 1487 977 1556 7
1094 1520 1141 1568 260

130 1599 265 1661 Prodita
277 1601 289 1659 l
388 1610 425 1663 nt
439 1613 599 1682 portarum
613 1595 746 1665 claustra
760 1604 900 1682 tyrannis

131 1690 311 1759 Exsulibus'
316 1698 450 1780 juvenes
465 1697 562 1780 ipsius
575 1701 718 1763 Consulis
731 1710 764 1760 et
779 1719 856 1780 quos

131 1795 285 1878 Magnum
299 1797 339 1858 ali
361 1796 416 1858 uid
431 1797 525 1858 dubie
538 1819 595 1878 pro
608 1799 751 1858 libertate
766 1799 900 1873 deceret,

133 1893 228 1967 Quod
242 1817 407 1956 milariour
420 1914 490 1983 euin
506 1895 625 1956 Coclite
638 1893 761 1956 Mucius
776 1903 808 1956 et
822 1913 901 1974 quae

127 1990 260 2082 Jmperii
275 1991 352 2054 fines
366 1993 547 2078 T-'Qerinum
562 1992 651 2073 virgo
666 1992 797 2053 natavit.
819 2022 822 2030 ·
900 1993 909 2003 ⁹

133 2086 269 2150 Ooeulta
281 2088 320 2148 ad
333 2039 446 2150 fatres
459 2088 609 2169 produxit
624 2088 751 2149 erimina
765 2107 872 2149 servus

42 2173 54 2223 ’ν
131 2184 287 2246 Muttonis
300 2185 471 2266 lugendus:
494 2185 609 2246 atilios
624 2185 753 2244 verbera
768 2184 862 2265 justis

132 2281 284 2343 Affieiunt
297 2283 405 2362 poenis
419 2289 452 2342 et
466 2284 570 2362 legum
586 2282 685 2362 prima
700 2282 823 2342 securis.

173 2375 260 2463 Malo
273 2387 363 2457 pater
376 2377 434 2439 tibi
447 2379 488 2439 eit
502 2378 671 2454 Thersites,
685 2377 855 2439 dummodo
869 2385 905 2438 tu
919 2378 960 2440 sis

133 2455 291 2536 'Aeaeidae
305 2475 412 2535 similis
426 2461 642 2556 Vuleania'que
657 2493 742 2559 anna
756 2493 905 2553 capessas,

134 2569 237 2644 Quam
251 2579 284 2631 te
348 2571 459 2660 ersitae
473 2572 604 2632 similem
618 2573 770 2653 producet
785 2570 934 2631 Achilles.

134 2667 177 2728 Et
190 2678 305 2742 tamen,
320 2676 355 2743 ut
369 2668 420 2727 lon
444 2688 461 2728 e
507 2677 596 2748 petas
610 2671 763 2750 longeque
778 2669 921 2729 revolvas

133 2763 268 2838 Nomen,
283 2688 581 2845 elmiffrtem
595 2765 723 2828 deduois
738 2765 834 2846 asyle.

133 2859 289 2941 Majorum
303 2860 419 2939 primus
434 2862 570 2942 quisquis
584 2862 642 2924 fuit
656 2863 709 2924 ille
723 2871 859 2936 tuorum,

132 2957 202 3018 Aut
214 2965 323 3039 pastor
335 2956 394 3018 fuit
408 2967 462 3020 aut
475 2957 554 3020 illud
568 2959 652 3042 quod
666 2959 768 3022 dieere
783 2958 866 3020 nolo.
